TIME,Last Time and Sales,CA Bid,CA LTP,CA LTQ,CA Ask,CA Bid Qty,CA Ask Qty,HG Bid,HG LTP,HG LTQ,HG Ask,HG Bid Qty,HG Ask Qty,TF,CHINA,USD JPY,CNY JPY,,,,,,,,,,,
9:01:33,6:29:59 PM,13570.00,13573,1.0000,13573.0000,8.0000,5.00,6165.0000,6166.0000,43.00,6166.00,113.00,46.0,,,,,,,Last Time and Sales,CA Bid,CA LTP,CA LTQ,CA Ask,CA Bid Qty,CA Ask Qty,HG Bid,
18:30:00,6:29:59 PM,13570.00,13573,1.0000,13573.0000,8.0000,5.00,6165.0000,6166.0000,43.00,6166.00,113.00,46.0,,,,,,,13566.00,43070.77,1.00,13573.00,3.00,13573.00,6163.00,9.00,
18:29:58,6:29:58 PM,13570.00,13573,1.0000,13573.0000,10.0000,5.00,6165.0000,6166.0000,43.00,6166.00,115.00,42.0,,,,,,,,,,,,,,,
18:29:57,6:29:57 PM,13572.00,13573,1.0000,13573.0000,11.0000,3.00,6165.0000,6166.0000,40.00,6166.00,119.00,49.0,,,,,,,13566.00,43070.77,1.00,13573.00,5.00,13573.00,6163.00,9.00,
18:29:56,6:29:56 PM,13572.00,13573,1.0000,13573.0000,11.0000,3.00,6166.0000,6166.0000,37.00,6167.00,98.00,62.0,,,,,,,,,,,,,,,
18:29:56,6:29:54 PM,13572.00,13573,1.0000,13573.0000,11.0000,3.00,6166.0000,6166.0000,37.00,6167.00,98.00,62.0,,,,,,,HG LTP,HG LTQ,HG Ask,HG Bid Qty,,,,,
18:29:54,6:29:54 PM,13572.00,13573,1.0000,13573.0000,11.0000,3.00,6166.0000,6166.0000,37.00,6167.00,98.00,62.0,,,,,,,6164.00,43.00,6164.00,119.00,,,,,
18:29:54,6:29:53 PM,13570.00,13573,1.0000,13573.0000,8.0000,4.00,6165.0000,6166.0000,34.00,6166.00,115.00,46.0,,,,,,,,,,,,,,,
18:29:52,6:29:52 PM,13570.00,13568,1.0000,13573.0000,8.0000,4.00,6165.0000,6165.0000,16.00,6166.00,101.00,73.0,,,,,,,,,,,,,,,
18:29:51,6:29:51 PM,13570.00,13568,1.0000,13573.0000,8.0000,4.00,6165.0000,6165.0000,16.00,6166.00,101.00,74.0,,,,,,,,,,,,,,,
18:29:50,6:29:50 PM,13570.00,13568,1.0000,13573.0000,6.0000,4.00,6165.0000,6165.0000,14.00,6166.00,104.00,74.0,,,,,,,,,,,,,,,
18:29:49,6:29:49 PM,13570.00,13568,1.0000,13573.0000,6.0000,4.00,6165.0000,6165.0000,14.00,6166.00,95.00,74.0,,,,,,,,,,,,,,,
18:29:49,6:29:48 PM,13570.00,13568,1.0000,13573.0000,6.0000,4.00,6165.0000,6165.0000,14.00,6166.00,83.00,79.0,,,,,,,,,,,,,,,
18:29:47,6:29:47 PM,13570.00,13568,1.0000,13573.0000,6.0000,4.00,6165.0000,6165.0000,14.00,6166.00,83.00,79.0,,,,,,,,,,,,,,,
18:29:46,6:29:46 PM,13570.00,13568,1.0000,13573.0000,6.0000,4.00,6165.0000,6165.0000,12.00,6166.00,85.00,77.0,,,,,,,,,,,,,,,
18:29:46,6:29:46 PM,13568.00,13568,1.0000,13571.0000,5.0000,3.00,6164.0000,6164.0000,2.00,6165.00,78.00,80.0,,,,,,,,,,,,,,,
18:29:44,6:29:44 PM,13568.00,13568,1.0000,13571.0000,5.0000,3.00,6164.0000,6164.0000,2.00,6165.00,69.00,81.0,,,,,,,,,,,,,,,
18:29:43,6:29:43 PM,13568.00,13568,1.0000,13571.0000,5.0000,3.00,6164.0000,6164.0000,2.00,6165.00,69.00,81.0,,,,,,,,,,,,,,,
18:29:42,6:29:42 PM,13568.00,13568,1.0000,13571.0000,5.0000,3.00,6164.0000,6164.0000,2.00,6165.00,72.00,81.0,,,,,,,,,,,,,,,
18:29:42,6:29:42 PM,13568.00,13568,1.0000,13571.0000,5.0000,3.00,6164.0000,6164.0000,2.00,6165.00,72.00,81.0,,,,,,,,,,,,,,,
18:29:40,6:29:40 PM,13568.00,13568,1.0000,13571.0000,5.0000,3.00,6164.0000,6164.0000,2.00,6165.00,72.00,81.0,,,,,,,,,,,,,,,
18:29:39,6:29:39 PM,13568.00,13568,1.0000,13571.0000,5.0000,3.00,6164.0000,6164.0000,2.00,6165.00,72.00,82.0,,,,,,,,,,,,,,,
18:29:38,6:29:38 PM,13568.00,13568,1.0000,13571.0000,5.0000,3.00,6164.0000,6164.0000,2.00,6165.00,72.00,82.0,,,,,,,,,,,,,,,
18:29:37,6:29:37 PM,13568.00,13568,1.0000,13571.0000,5.0000,3.00,6164.0000,6164.0000,2.00,6165.00,72.00,82.0,,,,,,,,,,,,,,,
18:29:37,6:29:36 PM,13568.00,13568,1.0000,13571.0000,5.0000,3.00,6164.0000,6164.0000,2.00,6165.00,72.00,82.0,,,,,,,,,,,,,,,
18:29:35,6:29:35 PM,13568.00,13568,1.0000,13571.0000,5.0000,3.00,6164.0000,6164.0000,2.00,6165.00,72.00,81.0,,,,,,,,,,,,,,,
18:29:35,6:29:35 PM,13568.00,13568,1.0000,13571.0000,5.0000,3.00,6164.0000,6164.0000,2.00,6165.00,72.00,81.0,,,,,,,,,,,,,,,
18:29:33,6:29:33 PM,13568.00,13568,1.0000,13571.0000,5.0000,3.00,6164.0000,6164.0000,2.00,6165.00,72.00,80.0,,,,,,,,,,,,,,,
18:29:32,6:29:32 PM,13568.00,13568,1.0000,13571.0000,5.0000,3.00,6164.0000,6164.0000,2.00,6165.00,72.00,80.0,,,,,,,,,,,,,,,
18:29:32,6:29:32 PM,13568.00,13568,1.0000,13571.0000,5.0000,3.00,6164.0000,6164.0000,2.00,6165.00,72.00,80.0,,,,,,,,,,,,,,,
18:29:30,6:29:29 PM,13568.00,13568,1.0000,13571.0000,5.0000,3.00,6164.0000,6164.0000,2.00,6165.00,72.00,81.0,,,,,,,,,,,,,,,
18:29:29,6:29:29 PM,13568.00,13568,1.0000,13571.0000,5.0000,3.00,6164.0000,6164.0000,2.00,6165.00,72.00,81.0,,,,,,,,,,,,,,,
18:29:28,6:29:28 PM,13568.00,13568,1.0000,13571.0000,5.0000,3.00,6164.0000,6164.0000,2.00,6165.00,72.00,81.0,,,,,,,,,,,,,,,
18:29:27,6:29:27 PM,13568.00,13568,1.0000,13571.0000,5.0000,3.00,6164.0000,6164.0000,2.00,6165.00,72.00,82.0,,,,,,,,,,,,,,,
18:29:26,6:29:26 PM,13568.00,13568,1.0000,13571.0000,5.0000,3.00,6164.0000,6164.0000,2.00,6165.00,72.00,96.0,,,,,,,,,,,,,,,
18:29:25,6:29:24 PM,13568.00,13568,1.0000,13571.0000,5.0000,3.00,6164.0000,6164.0000,2.00,6165.00,72.00,96.0,,,,,,,,,,,,,,,
18:29:24,6:29:24 PM,13568.00,13568,1.0000,13571.0000,5.0000,3.00,6164.0000,6164.0000,2.00,6165.00,72.00,96.0,,,,,,,,,,,,,,,
18:29:23,6:29:23 PM,13568.00,13568,1.0000,13571.0000,5.0000,3.00,6164.0000,6164.0000,2.00,6165.00,72.00,96.0,,,,,,,,,,,,,,,
18:29:22,6:29:22 PM,13568.00,13568,1.0000,13571.0000,5.0000,3.00,6164.0000,6164.0000,2.00,6165.00,72.00,96.0,,,,,,,,,,,,,,,
18:29:21,6:29:21 PM,13568.00,13568,1.0000,13571.0000,5.0000,3.00,6164.0000,6164.0000,2.00,6165.00,72.00,96.0,,,,,,,,,,,,,,,
18:29:20,6:29:20 PM,13568.00,13568,1.0000,13571.0000,5.0000,3.00,6164.0000,6164.0000,2.00,6165.00,72.00,96.0,,,,,,,,,,,,,,,
18:29:19,6:29:18 PM,13568.00,13568,1.0000,13571.0000,5.0000,3.00,6164.0000,6164.0000,2.00,6165.00,70.00,96.0,,,,,,,,,,,,,,,
18:29:18,6:29:18 PM,13568.00,13568,1.0000,13571.0000,5.0000,3.00,6164.0000,6164.0000,2.00,6165.00,70.00,96.0,,,,,,,,,,,,,,,
18:29:17,6:29:17 PM,13568.00,13568,1.0000,13571.0000,5.0000,3.00,6164.0000,6164.0000,2.00,6165.00,70.00,96.0,,,,,,,,,,,,,,,
18:29:16,6:29:16 PM,13568.00,13568,1.0000,13571.0000,5.0000,3.00,6164.0000,6164.0000,2.00,6165.00,70.00,96.0,,,,,,,,,,,,,,,
18:29:15,6:29:15 PM,13568.00,13568,1.0000,13571.0000,5.0000,3.00,6164.0000,6164.0000,2.00,6165.00,70.00,95.0,,,,,,,,,,,,,,,
18:29:15,6:29:14 PM,13568.00,13568,1.0000,13571.0000,5.0000,3.00,6164.0000,6164.0000,2.00,6165.00,70.00,95.0,,,,,,,,,,,,,,,
18:29:13,6:29:13 PM,13568.00,13568,1.0000,13571.0000,5.0000,3.00,6164.0000,6164.0000,2.00,6165.00,70.00,95.0,,,,,,,,,,,,,,,
18:29:12,6:29:12 PM,13568.00,13568,1.0000,13571.0000,5.0000,3.00,6164.0000,6164.0000,2.00,6165.00,70.00,95.0,,,,,,,,,,,,,,,
18:29:11,6:29:10 PM,13568.00,13568,1.0000,13571.0000,5.0000,3.00,6164.0000,6164.0000,1.00,6165.00,70.00,94.0,,,,,,,,,,,,,,,
18:29:10,6:29:09 PM,13568.00,13568,1.0000,13571.0000,5.0000,3.00,6164.0000,6164.0000,1.00,6165.00,69.00,93.0,,,,,,,,,,,,,,,
18:29:08,6:29:08 PM,13568.00,13568,1.0000,13571.0000,5.0000,3.00,6164.0000,6164.0000,1.00,6165.00,69.00,93.0,,,,,,,,,,,,,,,
18:29:07,6:29:07 PM,13568.00,13568,1.0000,13571.0000,5.0000,3.00,6164.0000,6165.0000,3.00,6165.00,70.00,91.0,,,,,,,,,,,,,,,
18:29:07,6:29:05 PM,13568.00,13568,1.0000,13571.0000,5.0000,3.00,6164.0000,6165.0000,3.00,6165.00,70.00,91.0,,,,,,,,,,,,,,,
18:29:05,6:29:05 PM,13568.00,13568,1.0000,13571.0000,5.0000,3.00,6164.0000,6165.0000,3.00,6165.00,70.00,91.0,,,,,,,,,,,,,,,
18:29:05,6:29:04 PM,13568.00,13568,1.0000,13570.0000,5.0000,4.00,6164.0000,6164.0000,30.00,6165.00,68.00,99.0,,,,,,,,,,,,,,,
18:29:03,6:29:03 PM,13568.00,13568,1.0000,13570.0000,5.0000,4.00,6164.0000,6164.0000,30.00,6165.00,68.00,99.0,,,,,,,,,,,,,,,
18:29:02,6:29:02 PM,13568.00,13568,1.0000,13570.0000,5.0000,4.00,6164.0000,6164.0000,29.00,6165.00,66.00,98.0,,,,,,,,,,,,,,,
18:29:02,6:29:01 PM,13568.00,13568,1.0000,13570.0000,5.0000,4.00,6164.0000,6164.0000,29.00,6165.00,66.00,98.0,,,,,,,,,,,,,,,
18:29:00,6:28:59 PM,13568.00,13568,1.0000,13571.0000,5.0000,5.00,6164.0000,6164.0000,29.00,6165.00,66.00,94.0,,,,,,,,,,,,,,,
18:28:59,6:28:58 PM,13568.00,13568,1.0000,13571.0000,5.0000,5.00,6164.0000,6164.0000,29.00,6165.00,66.00,94.0,,,,,,,,,,,,,,,
18:28:58,6:28:57 PM,13568.00,13568,1.0000,13571.0000,5.0000,5.00,6164.0000,6164.0000,28.00,6165.00,67.00,94.0,,,,,,,,,,,,,,,
18:28:56,6:28:55 PM,13568.00,13568,1.0000,13571.0000,5.0000,5.00,6164.0000,6164.0000,28.00,6165.00,67.00,94.0,,,,,,,,,,,,,,,
18:28:55,6:28:55 PM,13568.00,13568,1.0000,13571.0000,5.0000,5.00,6164.0000,6164.0000,28.00,6165.00,67.00,94.0,,,,,,,,,,,,,,,
18:28:54,6:28:53 PM,13568.00,13568,1.0000,13571.0000,5.0000,5.00,6164.0000,6164.0000,28.00,6165.00,67.00,94.0,,,,,,,,,,,,,,,
18:28:53,6:28:53 PM,13568.00,13568,1.0000,13571.0000,5.0000,5.00,6164.0000,6164.0000,28.00,6165.00,67.00,94.0,,,,,,,,,,,,,,,
18:28:52,6:28:51 PM,13568.00,13568,1.0000,13571.0000,5.0000,5.00,6164.0000,6164.0000,28.00,6165.00,67.00,94.0,,,,,,,,,,,,,,,
18:28:51,6:28:51 PM,13566.00,13568,1.0000,13570.0000,8.0000,9.00,6164.0000,6164.0000,28.00,6165.00,54.00,106.0,,,,,,,,,,,,,,,
18:28:50,6:28:49 PM,13566.00,13568,1.0000,13570.0000,8.0000,9.00,6163.0000,6164.0000,19.00,6164.00,68.00,70.0,,,,,,,,,,,,,,,
18:28:49,6:28:49 PM,13566.00,13568,1.0000,13570.0000,8.0000,9.00,6163.0000,6164.0000,19.00,6164.00,68.00,70.0,,,,,,,,,,,,,,,
18:28:48,6:28:47 PM,13566.00,13568,1.0000,13570.0000,8.0000,8.00,6163.0000,6164.0000,19.00,6164.00,74.00,65.0,,,,,,,,,,,,,,,
18:28:46,6:28:46 PM,13566.00,13568,1.0000,13570.0000,8.0000,8.00,6163.0000,6164.0000,10.00,6164.00,68.00,72.0,,,,,,,,,,,,,,,
18:28:45,6:28:45 PM,13566.00,13568,1.0000,13570.0000,8.0000,8.00,6163.0000,6164.0000,10.00,6164.00,68.00,72.0,,,,,,,,,,,,,,,
18:28:44,6:28:44 PM,13566.00,13568,1.0000,13570.0000,8.0000,8.00,6163.0000,6164.0000,10.00,6164.00,68.00,71.0,,,,,,,,,,,,,,,
18:28:43,6:28:43 PM,13568.00,13568,1.0000,13570.0000,7.0000,6.00,6164.0000,6164.0000,5.00,6165.00,54.00,91.0,,,,,,,,,,,,,,,
18:28:42,6:28:41 PM,13568.00,13568,1.0000,13570.0000,7.0000,6.00,6164.0000,6164.0000,5.00,6165.00,52.00,91.0,,,,,,,,,,,,,,,
18:28:41,6:28:41 PM,13568.00,13568,1.0000,13570.0000,8.0000,6.00,6164.0000,6164.0000,5.00,6165.00,52.00,91.0,,,,,,,,,,,,,,,
18:28:40,6:28:40 PM,13568.00,13568,1.0000,13570.0000,7.0000,6.00,6164.0000,6164.0000,5.00,6165.00,52.00,91.0,,,,,,,,,,,,,,,
18:28:39,6:28:39 PM,13568.00,13568,1.0000,13570.0000,5.0000,6.00,6164.0000,6164.0000,5.00,6165.00,57.00,90.0,,,,,,,,,,,,,,,
18:28:38,6:28:38 PM,13568.00,13568,1.0000,13570.0000,5.0000,6.00,6164.0000,6164.0000,5.00,6165.00,57.00,90.0,,,,,,,,,,,,,,,
18:28:37,6:28:37 PM,13568.00,13568,1.0000,13571.0000,6.0000,4.00,6164.0000,6165.0000,30.00,6165.00,60.00,86.0,,,,,,,,,,,,,,,
18:28:37,6:28:35 PM,13568.00,13568,1.0000,13571.0000,6.0000,4.00,6164.0000,6165.0000,30.00,6165.00,60.00,86.0,,,,,,,,,,,,,,,
18:28:35,6:28:35 PM,13568.00,13568,1.0000,13571.0000,6.0000,4.00,6164.0000,6165.0000,30.00,6165.00,60.00,86.0,,,,,,,,,,,,,,,
18:28:35,6:28:34 PM,13568.00,13568,1.0000,13571.0000,6.0000,4.00,6164.0000,6165.0000,30.00,6165.00,60.00,86.0,,,,,,,,,,,,,,,
18:28:33,6:28:33 PM,13568.00,13568,1.0000,13571.0000,6.0000,4.00,6164.0000,6165.0000,30.00,6165.00,62.00,86.0,,,,,,,,,,,,,,,
18:28:33,6:28:32 PM,13568.00,13568,1.0000,13571.0000,6.0000,4.00,6164.0000,6165.0000,30.00,6165.00,64.00,86.0,,,,,,,,,,,,,,,
18:28:31,6:28:31 PM,13568.00,13568,1.0000,13571.0000,6.0000,4.00,6164.0000,6165.0000,30.00,6165.00,64.00,86.0,,,,,,,,,,,,,,,
18:28:30,6:28:29 PM,13568.00,13568,1.0000,13571.0000,6.0000,4.00,6164.0000,6165.0000,30.00,6165.00,64.00,86.0,,,,,,,,,,,,,,,
18:28:29,6:28:29 PM,13568.00,13568,1.0000,13571.0000,6.0000,4.00,6164.0000,6165.0000,30.00,6165.00,64.00,86.0,,,,,,,,,,,,,,,
18:28:29,6:28:28 PM,13568.00,13568,1.0000,13571.0000,6.0000,4.00,6164.0000,6165.0000,30.00,6165.00,64.00,86.0,,,,,,,,,,,,,,,
18:28:27,6:28:26 PM,13568.00,13568,1.0000,13571.0000,6.0000,4.00,6164.0000,6165.0000,30.00,6165.00,62.00,86.0,,,,,,,,,,,,,,,
18:28:26,6:28:26 PM,13568.00,13568,1.0000,13571.0000,6.0000,4.00,6164.0000,6165.0000,30.00,6165.00,62.00,86.0,,,,,,,,,,,,,,,
18:28:25,6:28:25 PM,13568.00,13568,1.0000,13571.0000,6.0000,4.00,6164.0000,6165.0000,30.00,6165.00,62.00,86.0,,,,,,,,,,,,,,,
18:28:24,6:28:24 PM,13568.00,13568,1.0000,13571.0000,8.0000,3.00,6164.0000,6164.0000,25.00,6165.00,64.00,146.0,,,,,,,,,,,,,,,
18:28:23,6:28:23 PM,13568.00,13568,1.0000,13570.0000,7.0000,3.00,6164.0000,6164.0000,25.00,6165.00,60.00,155.0,,,,,,,,,,,,,,,
18:28:22,6:28:22 PM,13568.00,13568,1.0000,13570.0000,5.0000,3.00,6164.0000,6164.0000,25.00,6165.00,60.00,155.0,,,,,,,,,,,,,,,
18:28:22,6:28:22 PM,13566.00,13568,1.0000,13570.0000,15.0000,3.00,6164.0000,6164.0000,25.00,6165.00,58.00,145.0,,,,,,,,,,,,,,,
18:28:20,6:28:20 PM,13567.00,13568,1.0000,13570.0000,6.0000,3.00,6164.0000,6164.0000,24.00,6165.00,63.00,129.0,,,,,,,,,,,,,,,
18:28:19,6:28:19 PM,13568.00,13568,1.0000,13571.0000,5.0000,3.00,6164.0000,6164.0000,24.00,6165.00,63.00,129.0,,,,,,,,,,,,,,,
18:28:18,6:28:17 PM,13568.00,13568,1.0000,13571.0000,5.0000,3.00,6164.0000,6164.0000,24.00,6165.00,63.00,129.0,,,,,,,,,,,,,,,
18:28:17,6:28:17 PM,13566.00,13569,1.0000,13568.0000,8.0000,4.00,6164.0000,6164.0000,24.00,6165.00,58.00,139.0,,,,,,,,,,,,,,,
18:28:17,6:28:15 PM,13566.00,13569,1.0000,13568.0000,8.0000,4.00,6163.0000,6164.0000,15.00,6164.00,66.00,106.0,,,,,,,,,,,,,,,
18:28:15,6:28:15 PM,13566.00,13569,1.0000,13568.0000,8.0000,4.00,6163.0000,6164.0000,15.00,6164.00,66.00,106.0,,,,,,,,,,,,,,,
18:28:15,6:28:15 PM,13566.00,13569,1.0000,13568.0000,6.0000,4.00,6163.0000,6164.0000,15.00,6164.00,65.00,106.0,,,,,,,,,,,,,,,
18:28:13,6:28:12 PM,13566.00,13569,1.0000,13570.0000,7.0000,3.00,6163.0000,6164.0000,15.00,6165.00,78.00,140.0,,,,,,,,,,,,,,,
18:28:12,6:28:12 PM,13566.00,13569,1.0000,13570.0000,11.0000,3.00,6163.0000,6164.0000,15.00,6165.00,78.00,140.0,,,,,,,,,,,,,,,
18:28:11,6:28:10 PM,13568.00,13569,1.0000,13570.0000,6.0000,3.00,6164.0000,6164.0000,15.00,6165.00,59.00,127.0,,,,,,,,,,,,,,,
18:28:10,6:28:10 PM,13568.00,13569,1.0000,13570.0000,6.0000,3.00,6164.0000,6164.0000,15.00,6165.00,59.00,127.0,,,,,,,,,,,,,,,
18:28:09,6:28:08 PM,13568.00,13569,1.0000,13570.0000,6.0000,3.00,6164.0000,6164.0000,15.00,6165.00,59.00,127.0,,,,,,,,,,,,,,,
18:28:08,6:28:08 PM,13568.00,13569,1.0000,13570.0000,6.0000,3.00,6164.0000,6164.0000,15.00,6165.00,59.00,127.0,,,,,,,,,,,,,,,
18:28:08,6:28:08 PM,13568.00,13569,1.0000,13570.0000,6.0000,3.00,6164.0000,6164.0000,15.00,6165.00,59.00,127.0,,,,,,,,,,,,,,,
18:28:06,6:28:06 PM,13568.00,13569,1.0000,13570.0000,6.0000,3.00,6164.0000,6164.0000,15.00,6165.00,54.00,131.0,,,,,,,,,,,,,,,
18:28:05,6:28:05 PM,13566.00,13569,1.0000,13568.0000,7.0000,4.00,6163.0000,6164.0000,6.00,6164.00,66.00,99.0,,,,,,,,,,,,,,,
18:28:04,6:28:04 PM,13566.00,13569,1.0000,13568.0000,7.0000,4.00,6163.0000,6164.0000,6.00,6164.00,66.00,99.0,,,,,,,,,,,,,,,
18:28:03,6:28:03 PM,13566.00,13569,1.0000,13568.0000,7.0000,4.00,6163.0000,6164.0000,6.00,6164.00,65.00,98.0,,,,,,,,,,,,,,,
18:28:02,6:28:02 PM,13566.00,13569,1.0000,13568.0000,6.0000,4.00,6163.0000,6164.0000,6.00,6164.00,63.00,99.0,,,,,,,,,,,,,,,
18:28:01,6:28:01 PM,13566.00,13569,1.0000,13570.0000,5.0000,3.00,6163.0000,6164.0000,6.00,6165.00,75.00,122.0,,,,,,,,,,,,,,,
18:28:00,6:27:59 PM,13566.00,13569,1.0000,13570.0000,4.0000,3.00,6163.0000,6164.0000,6.00,6165.00,75.00,122.0,,,,,,,,,,,,,,,
18:27:59,6:27:59 PM,13566.00,13569,1.0000,13570.0000,4.0000,3.00,6163.0000,6164.0000,6.00,6165.00,75.00,122.0,,,,,,,,,,,,,,,
18:27:59,6:27:58 PM,13569.00,13570,1.0000,13571.0000,3.0000,3.00,6164.0000,6164.0000,5.00,6165.00,51.00,113.0,,,,,,,,,,,,,,,
18:27:57,6:27:56 PM,13569.00,13570,1.0000,13571.0000,3.0000,3.00,6164.0000,6164.0000,1.00,6165.00,60.00,92.0,,,,,,,,,,,,,,,
18:27:56,6:27:56 PM,13569.00,13570,1.0000,13571.0000,3.0000,3.00,6164.0000,6164.0000,1.00,6165.00,60.00,92.0,,,,,,,,,,,,,,,
18:27:55,6:27:55 PM,13569.00,13570,1.0000,13571.0000,3.0000,3.00,6164.0000,6164.0000,1.00,6165.00,67.00,80.0,,,,,,,,,,,,,,,
18:27:55,6:27:54 PM,13569.00,13570,1.0000,13571.0000,3.0000,3.00,6164.0000,6164.0000,1.00,6165.00,67.00,80.0,,,,,,,,,,,,,,,
18:27:53,6:27:53 PM,13569.00,13570,1.0000,13571.0000,5.0000,3.00,6164.0000,6165.0000,1.00,6165.00,67.00,80.0,,,,,,,,,,,,,,,
18:27:52,6:27:52 PM,13568.00,13570,1.0000,13571.0000,4.0000,3.00,6164.0000,6165.0000,1.00,6165.00,63.00,87.0,,,,,,,,,,,,,,,
18:27:51,6:27:51 PM,13568.00,13570,1.0000,13570.0000,4.0000,3.00,6164.0000,6165.0000,1.00,6165.00,63.00,87.0,,,,,,,,,,,,,,,
18:27:50,6:27:50 PM,13568.00,13570,1.0000,13570.0000,4.0000,3.00,6164.0000,6165.0000,1.00,6165.00,63.00,85.0,,,,,,,,,,,,,,,
18:27:49,6:27:49 PM,13568.00,13570,1.0000,13571.0000,4.0000,3.00,6164.0000,6165.0000,1.00,6165.00,65.00,81.0,,,,,,,,,,,,,,,
18:27:48,6:27:48 PM,13568.00,13570,1.0000,13571.0000,4.0000,3.00,6164.0000,6165.0000,1.00,6165.00,65.00,81.0,,,,,,,,,,,,,,,
18:27:47,6:27:46 PM,13568.00,13570,1.0000,13571.0000,4.0000,3.00,6164.0000,6165.0000,1.00,6165.00,65.00,77.0,,,,,,,,,,,,,,,
18:27:46,6:27:46 PM,13568.00,13570,1.0000,13570.0000,4.0000,3.00,6164.0000,6165.0000,1.00,6165.00,64.00,83.0,,,,,,,,,,,,,,,
18:27:46,6:27:45 PM,13568.00,13570,1.0000,13570.0000,4.0000,3.00,6164.0000,6165.0000,1.00,6165.00,64.00,83.0,,,,,,,,,,,,,,,
18:27:44,6:27:44 PM,13568.00,13570,1.0000,13570.0000,4.0000,3.00,6164.0000,6165.0000,1.00,6165.00,61.00,87.0,,,,,,,,,,,,,,,
18:27:43,6:27:43 PM,13568.00,13570,1.0000,13570.0000,4.0000,3.00,6164.0000,6165.0000,1.00,6165.00,61.00,85.0,,,,,,,,,,,,,,,
18:27:42,6:27:41 PM,13568.00,13570,1.0000,13570.0000,4.0000,3.00,6164.0000,6165.0000,1.00,6165.00,61.00,85.0,,,,,,,,,,,,,,,
18:27:41,6:27:41 PM,13568.00,13570,1.0000,13570.0000,4.0000,3.00,6164.0000,6165.0000,1.00,6165.00,61.00,85.0,,,,,,,,,,,,,,,
18:27:40,6:27:40 PM,13568.00,13570,1.0000,13570.0000,4.0000,3.00,6164.0000,6165.0000,1.00,6165.00,61.00,87.0,,,,,,,,,,,,,,,
18:27:40,6:27:39 PM,13568.00,13570,1.0000,13570.0000,4.0000,3.00,6164.0000,6165.0000,1.00,6165.00,61.00,87.0,,,,,,,,,,,,,,,
18:27:38,6:27:38 PM,13568.00,13570,1.0000,13570.0000,4.0000,3.00,6164.0000,6165.0000,1.00,6165.00,61.00,85.0,,,,,,,,,,,,,,,
18:27:37,6:27:37 PM,13568.00,13570,1.0000,13570.0000,4.0000,3.00,6164.0000,6165.0000,1.00,6165.00,61.00,87.0,,,,,,,,,,,,,,,
18:27:37,6:27:36 PM,13568.00,13570,1.0000,13570.0000,4.0000,3.00,6164.0000,6165.0000,1.00,6165.00,61.00,87.0,,,,,,,,,,,,,,,
18:27:35,6:27:34 PM,13568.00,13570,1.0000,13570.0000,4.0000,3.00,6164.0000,6165.0000,1.00,6165.00,61.00,87.0,,,,,,,,,,,,,,,
18:27:34,6:27:34 PM,13568.00,13570,1.0000,13570.0000,4.0000,3.00,6164.0000,6165.0000,1.00,6165.00,61.00,87.0,,,,,,,,,,,,,,,
18:27:34,6:27:33 PM,13568.00,13570,1.0000,13570.0000,4.0000,3.00,6164.0000,6165.0000,1.00,6165.00,61.00,87.0,,,,,,,,,,,,,,,
18:27:32,6:27:32 PM,13568.00,13570,1.0000,13570.0000,4.0000,3.00,6164.0000,6165.0000,1.00,6165.00,61.00,87.0,,,,,,,,,,,,,,,
18:27:31,6:27:31 PM,13568.00,13570,1.0000,13570.0000,4.0000,3.00,6164.0000,6165.0000,1.00,6165.00,61.00,87.0,,,,,,,,,,,,,,,
18:27:30,6:27:30 PM,13568.00,13570,1.0000,13570.0000,4.0000,3.00,6164.0000,6165.0000,1.00,6165.00,61.00,87.0,,,,,,,,,,,,,,,
18:27:30,6:27:29 PM,13568.00,13570,1.0000,13570.0000,4.0000,3.00,6164.0000,6165.0000,1.00,6165.00,61.00,87.0,,,,,,,,,,,,,,,
18:27:28,6:27:27 PM,13568.00,13570,1.0000,13570.0000,4.0000,3.00,6164.0000,6165.0000,1.00,6165.00,61.00,87.0,,,,,,,,,,,,,,,
18:27:27,6:27:27 PM,13568.00,13570,1.0000,13570.0000,4.0000,3.00,6164.0000,6165.0000,1.00,6165.00,65.00,83.0,,,,,,,,,,,,,,,
18:27:26,6:27:25 PM,13568.00,13570,1.0000,13570.0000,4.0000,3.00,6164.0000,6165.0000,1.00,6165.00,65.00,83.0,,,,,,,,,,,,,,,
18:27:25,6:27:25 PM,13568.00,13570,1.0000,13570.0000,4.0000,3.00,6164.0000,6165.0000,1.00,6165.00,65.00,83.0,,,,,,,,,,,,,,,
18:27:25,6:27:23 PM,13568.00,13570,1.0000,13570.0000,4.0000,3.00,6164.0000,6165.0000,1.00,6165.00,65.00,83.0,,,,,,,,,,,,,,,
18:27:23,6:27:22 PM,13568.00,13570,1.0000,13570.0000,4.0000,3.00,6164.0000,6165.0000,1.00,6165.00,65.00,83.0,,,,,,,,,,,,,,,
18:27:22,6:27:22 PM,13568.00,13570,1.0000,13570.0000,4.0000,3.00,6164.0000,6165.0000,1.00,6165.00,65.00,83.0,,,,,,,,,,,,,,,
18:27:22,6:27:21 PM,13568.00,13570,1.0000,13570.0000,4.0000,3.00,6164.0000,6165.0000,1.00,6165.00,65.00,83.0,,,,,,,,,,,,,,,
18:27:20,6:27:19 PM,13568.00,13570,1.0000,13570.0000,4.0000,3.00,6164.0000,6165.0000,1.00,6165.00,65.00,83.0,,,,,,,,,,,,,,,
18:27:19,6:27:19 PM,13568.00,13570,1.0000,13570.0000,4.0000,3.00,6164.0000,6165.0000,1.00,6165.00,62.00,87.0,,,,,,,,,,,,,,,
18:27:18,6:27:18 PM,13568.00,13570,1.0000,13570.0000,4.0000,4.00,6164.0000,6165.0000,1.00,6165.00,62.00,87.0,,,,,,,,,,,,,,,
18:27:17,6:27:17 PM,13568.00,13569,1.0000,13570.0000,4.0000,3.00,6164.0000,6165.0000,1.00,6165.00,63.00,84.0,,,,,,,,,,,,,,,
18:27:16,6:27:15 PM,13568.00,13569,1.0000,13570.0000,4.0000,3.00,6164.0000,6165.0000,1.00,6165.00,63.00,84.0,,,,,,,,,,,,,,,
18:27:15,6:27:15 PM,13568.00,13569,1.0000,13570.0000,4.0000,3.00,6164.0000,6165.0000,1.00,6165.00,63.00,84.0,,,,,,,,,,,,,,,
18:27:15,6:27:14 PM,13568.00,13569,1.0000,13570.0000,4.0000,3.00,6164.0000,6165.0000,1.00,6165.00,63.00,84.0,,,,,,,,,,,,,,,
18:27:13,6:27:13 PM,13568.00,13569,1.0000,13570.0000,4.0000,3.00,6164.0000,6165.0000,1.00,6165.00,60.00,87.0,,,,,,,,,,,,,,,
18:27:12,6:27:12 PM,13568.00,13569,1.0000,13570.0000,4.0000,3.00,6164.0000,6165.0000,1.00,6165.00,60.00,88.0,,,,,,,,,,,,,,,
18:27:11,6:27:10 PM,13568.00,13569,1.0000,13570.0000,4.0000,3.00,6164.0000,6165.0000,1.00,6165.00,60.00,88.0,,,,,,,,,,,,,,,
18:27:10,6:27:10 PM,13568.00,13569,1.0000,13570.0000,4.0000,3.00,6164.0000,6165.0000,1.00,6165.00,62.00,85.0,,,,,,,,,,,,,,,
18:27:09,6:27:09 PM,13568.00,13569,1.0000,13570.0000,4.0000,3.00,6164.0000,6165.0000,1.00,6165.00,62.00,84.0,,,,,,,,,,,,,,,
18:27:08,6:27:08 PM,13568.00,13569,1.0000,13570.0000,4.0000,3.00,6164.0000,6165.0000,1.00,6165.00,62.00,71.0,,,,,,,,,,,,,,,
18:27:07,6:27:07 PM,13568.00,13569,1.0000,13570.0000,4.0000,3.00,6164.0000,6165.0000,1.00,6165.00,59.00,74.0,,,,,,,,,,,,,,,
18:27:06,6:27:06 PM,13568.00,13569,1.0000,13570.0000,4.0000,3.00,6164.0000,6165.0000,1.00,6165.00,60.00,71.0,,,,,,,,,,,,,,,
18:27:05,6:27:05 PM,13568.00,13569,1.0000,13570.0000,4.0000,3.00,6164.0000,6165.0000,1.00,6165.00,61.00,71.0,,,,,,,,,,,,,,,
18:27:04,6:27:03 PM,13568.00,13569,1.0000,13570.0000,4.0000,3.00,6164.0000,6165.0000,1.00,6165.00,59.00,71.0,,,,,,,,,,,,,,,
18:27:03,6:27:03 PM,13568.00,13569,1.0000,13570.0000,4.0000,3.00,6164.0000,6165.0000,1.00,6165.00,62.00,70.0,,,,,,,,,,,,,,,
18:27:03,6:27:02 PM,13568.00,13569,1.0000,13570.0000,4.0000,3.00,6164.0000,6165.0000,1.00,6165.00,62.00,70.0,,,,,,,,,,,,,,,
18:27:01,6:27:01 PM,13568.00,13569,1.0000,13570.0000,4.0000,3.00,6164.0000,6165.0000,1.00,6165.00,59.00,73.0,,,,,,,,,,,,,,,
18:27:01,6:27:00 PM,13568.00,13569,1.0000,13570.0000,4.0000,3.00,6164.0000,6165.0000,1.00,6165.00,59.00,73.0,,,,,,,,,,,,,,,
18:26:59,6:26:58 PM,13568.00,13569,1.0000,13570.0000,4.0000,3.00,6164.0000,6165.0000,1.00,6165.00,59.00,73.0,,,,,,,,,,,,,,,
18:26:58,6:26:58 PM,13568.00,13569,1.0000,13570.0000,4.0000,3.00,6164.0000,6165.0000,1.00,6165.00,59.00,73.0,,,,,,,,,,,,,,,
18:26:58,6:26:57 PM,13568.00,13569,1.0000,13570.0000,4.0000,3.00,6164.0000,6165.0000,1.00,6165.00,59.00,73.0,,,,,,,,,,,,,,,
18:26:56,6:26:56 PM,13568.00,13569,1.0000,13570.0000,4.0000,3.00,6164.0000,6165.0000,1.00,6165.00,59.00,73.0,,,,,,,,,,,,,,,
18:26:55,6:26:55 PM,13568.00,13569,1.0000,13571.0000,5.0000,3.00,6164.0000,6165.0000,1.00,6165.00,67.00,62.0,,,,,,,,,,,,,,,
18:26:55,6:26:54 PM,13568.00,13569,1.0000,13571.0000,5.0000,3.00,6164.0000,6165.0000,1.00,6165.00,67.00,62.0,,,,,,,,,,,,,,,
18:26:53,6:26:52 PM,13568.00,13569,1.0000,13571.0000,5.0000,3.00,6164.0000,6165.0000,1.00,6165.00,67.00,62.0,,,,,,,,,,,,,,,
18:26:52,6:26:52 PM,13568.00,13569,1.0000,13570.0000,5.0000,3.00,6164.0000,6165.0000,1.00,6165.00,67.00,66.0,,,,,,,,,,,,,,,
18:26:51,6:26:50 PM,13568.00,13569,1.0000,13570.0000,5.0000,3.00,6164.0000,6164.0000,9.00,6165.00,59.00,70.0,,,,,,,,,,,,,,,
18:26:50,6:26:50 PM,13568.00,13569,1.0000,13570.0000,5.0000,3.00,6164.0000,6164.0000,9.00,6165.00,59.00,70.0,,,,,,,,,,,,,,,
18:26:50,6:26:49 PM,13568.00,13569,1.0000,13570.0000,5.0000,3.00,6164.0000,6164.0000,9.00,6165.00,59.00,70.0,,,,,,,,,,,,,,,
18:26:48,6:26:48 PM,13568.00,13569,1.0000,13570.0000,5.0000,3.00,6164.0000,6164.0000,9.00,6165.00,59.00,70.0,,,,,,,,,,,,,,,
18:26:47,6:26:47 PM,13568.00,13569,1.0000,13570.0000,5.0000,3.00,6164.0000,6164.0000,9.00,6165.00,59.00,70.0,,,,,,,,,,,,,,,
18:26:46,6:26:45 PM,13568.00,13569,1.0000,13570.0000,5.0000,3.00,6164.0000,6164.0000,8.00,6165.00,60.00,70.0,,,,,,,,,,,,,,,
18:26:45,6:26:45 PM,13568.00,13569,1.0000,13570.0000,5.0000,3.00,6164.0000,6164.0000,8.00,6165.00,60.00,70.0,,,,,,,,,,,,,,,
18:26:44,6:26:44 PM,13568.00,13569,1.0000,13570.0000,5.0000,3.00,6164.0000,6164.0000,8.00,6165.00,57.00,71.0,,,,,,,,,,,,,,,
18:26:43,6:26:42 PM,13567.00,13569,1.0000,13570.0000,6.0000,3.00,6164.0000,6164.0000,8.00,6165.00,55.00,71.0,,,,,,,,,,,,,,,
18:26:41,6:26:40 PM,13567.00,13569,1.0000,13570.0000,6.0000,3.00,6164.0000,6164.0000,8.00,6165.00,55.00,71.0,,,,,,,,,,,,,,,
18:26:40,6:26:40 PM,13567.00,13569,1.0000,13570.0000,6.0000,3.00,6164.0000,6164.0000,8.00,6165.00,55.00,73.0,,,,,,,,,,,,,,,
18:26:39,6:26:39 PM,13567.00,13569,1.0000,13570.0000,6.0000,3.00,6164.0000,6164.0000,8.00,6165.00,55.00,73.0,,,,,,,,,,,,,,,
18:26:38,6:26:38 PM,13567.00,13569,1.0000,13570.0000,6.0000,3.00,6164.0000,6164.0000,8.00,6165.00,55.00,71.0,,,,,,,,,,,,,,,
18:26:37,6:26:37 PM,13567.00,13569,1.0000,13570.0000,6.0000,3.00,6164.0000,6164.0000,8.00,6165.00,55.00,73.0,,,,,,,,,,,,,,,
18:26:36,6:26:35 PM,13566.00,13569,1.0000,13570.0000,15.0000,3.00,6164.0000,6164.0000,8.00,6165.00,56.00,73.0,,,,,,,,,,,,,,,
18:26:35,6:26:35 PM,13566.00,13569,1.0000,13570.0000,15.0000,3.00,6164.0000,6164.0000,8.00,6165.00,56.00,71.0,,,,,,,,,,,,,,,
18:26:35,6:26:34 PM,13566.00,13569,1.0000,13570.0000,15.0000,3.00,6164.0000,6164.0000,8.00,6165.00,56.00,71.0,,,,,,,,,,,,,,,
18:26:33,6:26:33 PM,13566.00,13569,1.0000,13570.0000,15.0000,3.00,6164.0000,6164.0000,8.00,6165.00,56.00,70.0,,,,,,,,,,,,,,,
18:26:33,6:26:32 PM,13566.00,13569,1.0000,13570.0000,15.0000,3.00,6164.0000,6164.0000,7.00,6165.00,57.00,70.0,,,,,,,,,,,,,,,
18:26:31,6:26:31 PM,13566.00,13569,1.0000,13570.0000,15.0000,3.00,6164.0000,6164.0000,6.00,6165.00,61.00,67.0,,,,,,,,,,,,,,,
18:26:30,6:26:30 PM,13566.00,13569,1.0000,13570.0000,14.0000,3.00,6164.0000,6164.0000,6.00,6165.00,51.00,71.0,,,,,,,,,,,,,,,
18:26:29,6:26:29 PM,13566.00,13569,1.0000,13570.0000,15.0000,3.00,6164.0000,6164.0000,6.00,6165.00,58.00,67.0,,,,,,,,,,,,,,,
18:26:28,6:26:28 PM,13566.00,13569,1.0000,13570.0000,14.0000,3.00,6164.0000,6164.0000,6.00,6165.00,52.00,71.0,,,,,,,,,,,,,,,
18:26:27,6:26:26 PM,13564.00,13565,1.0000,13567.0000,13.0000,3.00,6163.0000,6163.0000,4.00,6164.00,63.00,67.0,,,,,,,,,,,,,,,
18:26:26,6:26:26 PM,13564.00,13565,1.0000,13567.0000,13.0000,5.00,6163.0000,6163.0000,4.00,6164.00,59.00,67.0,,,,,,,,,,,,,,,
18:26:25,6:26:25 PM,13568.00,13566,1.0000,13570.0000,8.0000,5.00,6163.0000,6164.0000,7.00,6164.00,72.00,57.0,,,,,,,,,,,,,,,
18:26:24,6:26:24 PM,13568.00,13566,1.0000,13570.0000,8.0000,5.00,6164.0000,6164.0000,1.00,6165.00,64.00,71.0,,,,,,,,,,,,,,,
18:26:24,6:26:23 PM,13568.00,13566,1.0000,13570.0000,8.0000,5.00,6164.0000,6164.0000,1.00,6165.00,64.00,71.0,,,,,,,,,,,,,,,
18:26:22,6:26:21 PM,13568.00,13566,1.0000,13570.0000,8.0000,5.00,6164.0000,6164.0000,1.00,6165.00,64.00,71.0,,,,,,,,,,,,,,,
18:26:21,6:26:21 PM,13568.00,13566,1.0000,13570.0000,8.0000,5.00,6164.0000,6164.0000,1.00,6165.00,64.00,71.0,,,,,,,,,,,,,,,
18:26:21,6:26:20 PM,13568.00,13566,1.0000,13570.0000,8.0000,5.00,6164.0000,6164.0000,1.00,6165.00,64.00,71.0,,,,,,,,,,,,,,,
18:26:19,6:26:19 PM,13568.00,13566,1.0000,13570.0000,8.0000,5.00,6164.0000,6164.0000,1.00,6165.00,65.00,69.0,,,,,,,,,,,,,,,
18:26:18,6:26:18 PM,13568.00,13566,1.0000,13570.0000,8.0000,5.00,6164.0000,6164.0000,1.00,6165.00,65.00,71.0,,,,,,,,,,,,,,,
18:26:17,6:26:16 PM,13568.00,13566,1.0000,13570.0000,8.0000,5.00,6164.0000,6164.0000,1.00,6165.00,65.00,67.0,,,,,,,,,,,,,,,
18:26:15,6:26:14 PM,13568.00,13566,1.0000,13570.0000,8.0000,5.00,6164.0000,6164.0000,1.00,6165.00,65.00,67.0,,,,,,,,,,,,,,,
18:26:14,6:26:14 PM,13568.00,13566,1.0000,13570.0000,8.0000,5.00,6164.0000,6164.0000,1.00,6165.00,65.00,67.0,,,,,,,,,,,,,,,
18:26:13,6:26:12 PM,13568.00,13566,1.0000,13570.0000,8.0000,5.00,6164.0000,6164.0000,1.00,6165.00,65.00,67.0,,,,,,,,,,,,,,,
18:26:12,6:26:12 PM,13568.00,13566,1.0000,13570.0000,8.0000,5.00,6164.0000,6164.0000,1.00,6165.00,65.00,67.0,,,,,,,,,,,,,,,
18:26:12,6:26:11 PM,13568.00,13566,1.0000,13570.0000,8.0000,5.00,6164.0000,6164.0000,1.00,6165.00,65.00,67.0,,,,,,,,,,,,,,,
18:26:10,6:26:09 PM,13568.00,13566,1.0000,13570.0000,8.0000,5.00,6164.0000,6164.0000,1.00,6165.00,65.00,67.0,,,,,,,,,,,,,,,
18:26:09,6:26:09 PM,13568.00,13566,1.0000,13570.0000,8.0000,5.00,6164.0000,6164.0000,1.00,6165.00,65.00,67.0,,,,,,,,,,,,,,,
18:26:08,6:26:08 PM,13568.00,13566,1.0000,13570.0000,8.0000,5.00,6164.0000,6164.0000,1.00,6165.00,65.00,67.0,,,,,,,,,,,,,,,
18:26:07,6:26:07 PM,13567.00,13566,1.0000,13570.0000,13.0000,5.00,6164.0000,6164.0000,1.00,6165.00,62.00,68.0,,,,,,,,,,,,,,,
18:26:07,6:26:06 PM,13567.00,13566,1.0000,13570.0000,13.0000,5.00,6164.0000,6164.0000,1.00,6165.00,62.00,68.0,,,,,,,,,,,,,,,
18:26:05,6:26:05 PM,13567.00,13566,1.0000,13570.0000,12.0000,5.00,6164.0000,6164.0000,1.00,6165.00,62.00,68.0,,,,,,,,,,,,,,,
18:26:05,6:26:04 PM,13567.00,13566,1.0000,13570.0000,12.0000,5.00,6164.0000,6165.0000,4.00,6165.00,63.00,68.0,,,,,,,,,,,,,,,
18:26:03,6:26:03 PM,13567.00,13566,1.0000,13570.0000,12.0000,5.00,6164.0000,6165.0000,4.00,6165.00,63.00,69.0,,,,,,,,,,,,,,,
18:26:02,6:26:02 PM,13567.00,13566,1.0000,13570.0000,12.0000,5.00,6164.0000,6165.0000,4.00,6165.00,63.00,69.0,,,,,,,,,,,,,,,
18:26:01,6:26:01 PM,13565.00,13566,1.0000,13570.0000,17.0000,5.00,6164.0000,6165.0000,4.00,6165.00,60.00,69.0,,,,,,,,,,,,,,,
18:26:00,6:25:59 PM,13565.00,13566,1.0000,13570.0000,17.0000,5.00,6164.0000,6165.0000,4.00,6165.00,62.00,67.0,,,,,,,,,,,,,,,
18:25:59,6:25:59 PM,13565.00,13566,1.0000,13570.0000,17.0000,5.00,6164.0000,6165.0000,4.00,6165.00,62.00,67.0,,,,,,,,,,,,,,,
18:25:59,6:25:58 PM,13565.00,13566,1.0000,13570.0000,17.0000,5.00,6164.0000,6165.0000,4.00,6165.00,61.00,67.0,,,,,,,,,,,,,,,
18:25:57,6:25:56 PM,13565.00,13566,1.0000,13570.0000,17.0000,5.00,6164.0000,6165.0000,4.00,6165.00,61.00,67.0,,,,,,,,,,,,,,,
18:25:56,6:25:55 PM,13565.00,13566,1.0000,13570.0000,17.0000,5.00,6164.0000,6165.0000,4.00,6165.00,61.00,67.0,,,,,,,,,,,,,,,
18:25:55,6:25:54 PM,13565.00,13566,1.0000,13570.0000,17.0000,5.00,6164.0000,6165.0000,4.00,6165.00,61.00,67.0,,,,,,,,,,,,,,,
18:25:53,6:25:52 PM,13565.00,13566,1.0000,13570.0000,17.0000,5.00,6164.0000,6165.0000,4.00,6165.00,61.00,67.0,,,,,,,,,,,,,,,
18:25:52,6:25:51 PM,13565.00,13566,1.0000,13570.0000,17.0000,5.00,6164.0000,6165.0000,4.00,6165.00,61.00,67.0,,,,,,,,,,,,,,,
18:25:51,6:25:50 PM,13565.00,13566,1.0000,13570.0000,17.0000,5.00,6164.0000,6165.0000,4.00,6165.00,61.00,67.0,,,,,,,,,,,,,,,
18:25:49,6:25:49 PM,13565.00,13566,1.0000,13570.0000,17.0000,5.00,6164.0000,6165.0000,4.00,6165.00,61.00,67.0,,,,,,,,,,,,,,,
18:25:48,6:25:48 PM,13565.00,13566,1.0000,13570.0000,17.0000,5.00,6164.0000,6165.0000,4.00,6165.00,61.00,66.0,,,,,,,,,,,,,,,
18:25:47,6:25:46 PM,13565.00,13566,1.0000,13570.0000,17.0000,5.00,6164.0000,6165.0000,4.00,6165.00,61.00,67.0,,,,,,,,,,,,,,,
18:25:46,6:25:46 PM,13565.00,13566,1.0000,13570.0000,17.0000,5.00,6164.0000,6165.0000,4.00,6165.00,61.00,67.0,,,,,,,,,,,,,,,
18:25:45,6:25:45 PM,13565.00,13566,1.0000,13570.0000,17.0000,5.00,6164.0000,6165.0000,4.00,6165.00,62.00,67.0,,,,,,,,,,,,,,,
18:25:44,6:25:43 PM,13565.00,13566,1.0000,13570.0000,17.0000,5.00,6164.0000,6165.0000,3.00,6165.00,59.00,69.0,,,,,,,,,,,,,,,
18:25:43,6:25:42 PM,13565.00,13566,1.0000,13570.0000,17.0000,5.00,6164.0000,6165.0000,3.00,6165.00,59.00,69.0,,,,,,,,,,,,,,,
18:25:42,6:25:41 PM,13565.00,13566,1.0000,13570.0000,17.0000,5.00,6164.0000,6165.0000,3.00,6165.00,59.00,69.0,,,,,,,,,,,,,,,
18:25:40,6:25:39 PM,13565.00,13566,1.0000,13570.0000,17.0000,5.00,6164.0000,6165.0000,3.00,6165.00,59.00,69.0,,,,,,,,,,,,,,,
18:25:39,6:25:39 PM,13565.00,13566,1.0000,13570.0000,17.0000,5.00,6164.0000,6165.0000,3.00,6165.00,59.00,69.0,,,,,,,,,,,,,,,
18:25:38,6:25:37 PM,13565.00,13566,1.0000,13570.0000,17.0000,5.00,6164.0000,6165.0000,3.00,6165.00,59.00,69.0,,,,,,,,,,,,,,,
18:25:37,6:25:37 PM,13565.00,13566,1.0000,13570.0000,17.0000,5.00,6164.0000,6165.0000,3.00,6165.00,59.00,69.0,,,,,,,,,,,,,,,
18:25:36,6:25:35 PM,13565.00,13566,1.0000,13570.0000,17.0000,5.00,6164.0000,6165.0000,3.00,6165.00,59.00,69.0,,,,,,,,,,,,,,,
18:25:35,6:25:34 PM,13565.00,13566,1.0000,13570.0000,17.0000,5.00,6164.0000,6165.0000,3.00,6165.00,59.00,69.0,,,,,,,,,,,,,,,
18:25:34,6:25:33 PM,13565.00,13566,1.0000,13570.0000,17.0000,5.00,6164.0000,6165.0000,3.00,6165.00,59.00,69.0,,,,,,,,,,,,,,,
18:25:32,6:25:32 PM,13565.00,13566,1.0000,13570.0000,17.0000,5.00,6164.0000,6165.0000,3.00,6165.00,59.00,69.0,,,,,,,,,,,,,,,
18:25:31,6:25:31 PM,13565.00,13566,1.0000,13570.0000,17.0000,5.00,6164.0000,6165.0000,3.00,6165.00,59.00,68.0,,,,,,,,,,,,,,,
18:25:30,6:25:30 PM,13565.00,13566,1.0000,13570.0000,17.0000,4.00,6164.0000,6165.0000,3.00,6165.00,60.00,65.0,,,,,,,,,,,,,,,
18:25:29,6:25:29 PM,13565.00,13566,1.0000,13570.0000,17.0000,4.00,6164.0000,6164.0000,11.00,6165.00,59.00,68.0,,,,,,,,,,,,,,,
18:25:29,6:25:28 PM,13565.00,13566,1.0000,13570.0000,17.0000,4.00,6164.0000,6164.0000,11.00,6165.00,59.00,68.0,,,,,,,,,,,,,,,
18:25:27,6:25:27 PM,13565.00,13566,1.0000,13570.0000,17.0000,4.00,6164.0000,6164.0000,11.00,6165.00,58.00,68.0,,,,,,,,,,,,,,,
18:25:27,6:25:26 PM,13565.00,13566,1.0000,13570.0000,17.0000,4.00,6164.0000,6164.0000,11.00,6165.00,55.00,72.0,,,,,,,,,,,,,,,
18:25:25,6:25:24 PM,13565.00,13566,1.0000,13570.0000,17.0000,4.00,6164.0000,6164.0000,11.00,6165.00,55.00,72.0,,,,,,,,,,,,,,,
18:25:24,6:25:24 PM,13565.00,13566,1.0000,13570.0000,17.0000,4.00,6164.0000,6164.0000,11.00,6165.00,55.00,72.0,,,,,,,,,,,,,,,
18:25:23,6:25:23 PM,13565.00,13566,1.0000,13570.0000,17.0000,4.00,6164.0000,6164.0000,11.00,6165.00,54.00,72.0,,,,,,,,,,,,,,,
18:25:23,6:25:22 PM,13565.00,13566,1.0000,13570.0000,17.0000,4.00,6164.0000,6164.0000,11.00,6165.00,54.00,72.0,,,,,,,,,,,,,,,
18:25:21,6:25:21 PM,13565.00,13566,1.0000,13570.0000,16.0000,5.00,6164.0000,6164.0000,11.00,6165.00,53.00,72.0,,,,,,,,,,,,,,,
18:25:20,6:25:19 PM,13565.00,13566,1.0000,13570.0000,17.0000,5.00,6164.0000,6164.0000,10.00,6165.00,56.00,72.0,,,,,,,,,,,,,,,
18:25:19,6:25:19 PM,13565.00,13566,1.0000,13570.0000,17.0000,5.00,6164.0000,6164.0000,10.00,6165.00,56.00,73.0,,,,,,,,,,,,,,,
18:25:18,6:25:18 PM,13565.00,13566,1.0000,13570.0000,17.0000,5.00,6164.0000,6164.0000,10.00,6165.00,55.00,73.0,,,,,,,,,,,,,,,
18:25:17,6:25:17 PM,13565.00,13566,1.0000,13570.0000,17.0000,5.00,6164.0000,6164.0000,10.00,6165.00,53.00,73.0,,,,,,,,,,,,,,,
18:25:16,6:25:16 PM,13565.00,13566,1.0000,13570.0000,17.0000,5.00,6164.0000,6164.0000,9.00,6165.00,56.00,73.0,,,,,,,,,,,,,,,
18:25:15,6:25:15 PM,13565.00,13566,1.0000,13568.0000,9.0000,5.00,6163.0000,6163.0000,26.00,6164.00,74.00,58.0,,,,,,,,,,,,,,,
18:25:14,6:25:13 PM,13565.00,13566,1.0000,13568.0000,9.0000,5.00,6163.0000,6163.0000,26.00,6164.00,74.00,58.0,,,,,,,,,,,,,,,
18:25:13,6:25:13 PM,13565.00,13566,1.0000,13568.0000,9.0000,5.00,6163.0000,6163.0000,26.00,6164.00,74.00,58.0,,,,,,,,,,,,,,,
18:25:13,6:25:11 PM,13565.00,13566,1.0000,13568.0000,9.0000,5.00,6163.0000,6163.0000,26.00,6164.00,74.00,58.0,,,,,,,,,,,,,,,
18:25:11,6:25:11 PM,13565.00,13566,1.0000,13568.0000,9.0000,5.00,6163.0000,6163.0000,26.00,6164.00,74.00,58.0,,,,,,,,,,,,,,,
18:25:11,6:25:10 PM,13565.00,13566,1.0000,13568.0000,9.0000,5.00,6163.0000,6163.0000,26.00,6164.00,74.00,58.0,,,,,,,,,,,,,,,
18:25:09,6:25:08 PM,13565.00,13566,1.0000,13568.0000,9.0000,5.00,6163.0000,6163.0000,26.00,6164.00,74.00,58.0,,,,,,,,,,,,,,,
18:25:08,6:25:08 PM,13565.00,13566,1.0000,13568.0000,9.0000,5.00,6163.0000,6163.0000,26.00,6164.00,74.00,58.0,,,,,,,,,,,,,,,
18:25:08,6:25:08 PM,13565.00,13566,1.0000,13568.0000,9.0000,5.00,6163.0000,6163.0000,26.00,6164.00,74.00,57.0,,,,,,,,,,,,,,,
18:25:06,6:25:05 PM,13565.00,13566,1.0000,13568.0000,9.0000,5.00,6163.0000,6163.0000,26.00,6164.00,74.00,57.0,,,,,,,,,,,,,,,
18:25:05,6:25:05 PM,13565.00,13566,1.0000,13568.0000,9.0000,5.00,6163.0000,6163.0000,26.00,6164.00,74.00,57.0,,,,,,,,,,,,,,,
18:25:04,6:25:04 PM,13565.00,13566,1.0000,13568.0000,9.0000,5.00,6163.0000,6163.0000,26.00,6164.00,74.00,57.0,,,,,,,,,,,,,,,
18:25:03,6:25:03 PM,13565.00,13566,1.0000,13568.0000,8.0000,5.00,6163.0000,6163.0000,26.00,6164.00,74.00,57.0,,,,,,,,,,,,,,,
18:25:02,6:25:01 PM,13565.00,13566,1.0000,13568.0000,8.0000,5.00,6163.0000,6163.0000,26.00,6164.00,73.00,57.0,,,,,,,,,,,,,,,
18:25:01,6:25:01 PM,13565.00,13566,1.0000,13568.0000,8.0000,5.00,6163.0000,6163.0000,26.00,6164.00,73.00,57.0,,,,,,,,,,,,,,,
18:25:01,6:24:59 PM,13565.00,13566,1.0000,13568.0000,8.0000,5.00,6163.0000,6163.0000,26.00,6164.00,73.00,57.0,,,,,,,,,,,,,,,
18:24:59,6:24:59 PM,13565.00,13566,1.0000,13568.0000,8.0000,5.00,6163.0000,6163.0000,26.00,6164.00,73.00,57.0,,,,,,,,,,,,,,,
18:24:58,6:24:58 PM,13565.00,13566,1.0000,13568.0000,8.0000,5.00,6163.0000,6163.0000,26.00,6164.00,73.00,57.0,,,,,,,,,,,,,,,
18:24:58,6:24:57 PM,13565.00,13566,1.0000,13568.0000,8.0000,5.00,6163.0000,6163.0000,26.00,6164.00,73.00,57.0,,,,,,,,,,,,,,,
18:24:56,6:24:55 PM,13565.00,13566,1.0000,13568.0000,8.0000,5.00,6163.0000,6163.0000,26.00,6164.00,73.00,57.0,,,,,,,,,,,,,,,
18:24:55,6:24:55 PM,13565.00,13566,1.0000,13568.0000,8.0000,5.00,6163.0000,6163.0000,26.00,6164.00,73.00,57.0,,,,,,,,,,,,,,,
18:24:55,6:24:54 PM,13565.00,13566,1.0000,13568.0000,8.0000,5.00,6163.0000,6163.0000,26.00,6164.00,73.00,57.0,,,,,,,,,,,,,,,
18:24:53,6:24:53 PM,13565.00,13566,1.0000,13567.0000,8.0000,5.00,6163.0000,6163.0000,26.00,6164.00,71.00,59.0,,,,,,,,,,,,,,,
18:24:52,6:24:52 PM,13565.00,13566,1.0000,13568.0000,8.0000,5.00,6163.0000,6163.0000,26.00,6164.00,72.00,60.0,,,,,,,,,,,,,,,
18:24:52,6:24:51 PM,13565.00,13566,1.0000,13568.0000,8.0000,5.00,6163.0000,6163.0000,26.00,6164.00,72.00,59.0,,,,,,,,,,,,,,,
18:24:50,6:24:49 PM,13565.00,13566,1.0000,13568.0000,8.0000,5.00,6163.0000,6163.0000,26.00,6164.00,73.00,59.0,,,,,,,,,,,,,,,
18:24:49,6:24:49 PM,13565.00,13566,1.0000,13568.0000,8.0000,5.00,6163.0000,6163.0000,26.00,6164.00,73.00,59.0,,,,,,,,,,,,,,,
18:24:49,6:24:48 PM,13565.00,13566,1.0000,13568.0000,8.0000,5.00,6163.0000,6163.0000,26.00,6164.00,73.00,58.0,,,,,,,,,,,,,,,
18:24:47,6:24:47 PM,13565.00,13566,1.0000,13568.0000,8.0000,5.00,6163.0000,6163.0000,26.00,6164.00,73.00,58.0,,,,,,,,,,,,,,,
18:24:46,6:24:45 PM,13565.00,13566,1.0000,13568.0000,8.0000,5.00,6163.0000,6163.0000,26.00,6164.00,73.00,58.0,,,,,,,,,,,,,,,
18:24:45,6:24:45 PM,13565.00,13566,1.0000,13568.0000,8.0000,5.00,6163.0000,6163.0000,26.00,6164.00,73.00,58.0,,,,,,,,,,,,,,,
18:24:44,6:24:44 PM,13565.00,13566,1.0000,13568.0000,8.0000,5.00,6163.0000,6163.0000,26.00,6164.00,73.00,58.0,,,,,,,,,,,,,,,
18:24:43,6:24:43 PM,13565.00,13566,1.0000,13568.0000,8.0000,5.00,6163.0000,6163.0000,26.00,6164.00,72.00,58.0,,,,,,,,,,,,,,,
18:24:43,6:24:41 PM,13565.00,13566,1.0000,13568.0000,8.0000,5.00,6163.0000,6163.0000,26.00,6164.00,72.00,58.0,,,,,,,,,,,,,,,
18:24:41,6:24:41 PM,13565.00,13566,1.0000,13568.0000,8.0000,5.00,6163.0000,6163.0000,26.00,6164.00,72.00,58.0,,,,,,,,,,,,,,,
18:24:41,6:24:40 PM,13565.00,13566,1.0000,13568.0000,8.0000,5.00,6163.0000,6163.0000,26.00,6164.00,72.00,58.0,,,,,,,,,,,,,,,
18:24:39,6:24:39 PM,13565.00,13566,1.0000,13568.0000,8.0000,5.00,6163.0000,6163.0000,26.00,6164.00,72.00,56.0,,,,,,,,,,,,,,,
18:24:39,6:24:38 PM,13565.00,13566,1.0000,13568.0000,8.0000,5.00,6163.0000,6163.0000,26.00,6164.00,72.00,56.0,,,,,,,,,,,,,,,
18:24:37,6:24:37 PM,13565.00,13566,1.0000,13568.0000,8.0000,5.00,6163.0000,6163.0000,26.00,6164.00,72.00,56.0,,,,,,,,,,,,,,,
18:24:36,6:24:36 PM,13565.00,13566,1.0000,13568.0000,8.0000,5.00,6163.0000,6163.0000,26.00,6164.00,71.00,56.0,,,,,,,,,,,,,,,
18:24:35,6:24:34 PM,13565.00,13566,1.0000,13568.0000,8.0000,5.00,6163.0000,6163.0000,26.00,6164.00,71.00,60.0,,,,,,,,,,,,,,,
18:24:34,6:24:34 PM,13565.00,13566,1.0000,13568.0000,8.0000,5.00,6163.0000,6163.0000,26.00,6164.00,71.00,60.0,,,,,,,,,,,,,,,
18:24:33,6:24:33 PM,13565.00,13566,1.0000,13568.0000,8.0000,5.00,6163.0000,6163.0000,26.00,6164.00,71.00,60.0,,,,,,,,,,,,,,,
18:24:32,6:24:31 PM,13565.00,13566,1.0000,13568.0000,8.0000,5.00,6163.0000,6163.0000,26.00,6164.00,71.00,60.0,,,,,,,,,,,,,,,
18:24:31,6:24:31 PM,13565.00,13566,1.0000,13568.0000,8.0000,5.00,6163.0000,6163.0000,26.00,6164.00,71.00,60.0,,,,,,,,,,,,,,,
18:24:31,6:24:30 PM,13565.00,13566,1.0000,13568.0000,8.0000,5.00,6163.0000,6163.0000,26.00,6164.00,71.00,58.0,,,,,,,,,,,,,,,
18:24:29,6:24:29 PM,13565.00,13566,1.0000,13568.0000,8.0000,5.00,6163.0000,6163.0000,26.00,6164.00,71.00,58.0,,,,,,,,,,,,,,,
18:24:28,6:24:27 PM,13565.00,13566,1.0000,13568.0000,8.0000,5.00,6163.0000,6163.0000,26.00,6164.00,71.00,58.0,,,,,,,,,,,,,,,
18:24:27,6:24:26 PM,13565.00,13566,1.0000,13568.0000,8.0000,5.00,6163.0000,6163.0000,26.00,6164.00,71.00,58.0,,,,,,,,,,,,,,,
18:24:25,6:24:25 PM,13565.00,13566,1.0000,13568.0000,8.0000,5.00,6163.0000,6163.0000,26.00,6164.00,71.00,58.0,,,,,,,,,,,,,,,
18:24:24,6:24:23 PM,13565.00,13566,1.0000,13568.0000,8.0000,5.00,6163.0000,6163.0000,26.00,6164.00,71.00,59.0,,,,,,,,,,,,,,,
18:24:23,6:24:23 PM,13565.00,13566,1.0000,13568.0000,8.0000,5.00,6163.0000,6163.0000,26.00,6164.00,71.00,56.0,,,,,,,,,,,,,,,
18:24:22,6:24:21 PM,13565.00,13566,1.0000,13568.0000,8.0000,5.00,6163.0000,6163.0000,26.00,6164.00,71.00,55.0,,,,,,,,,,,,,,,
18:24:21,6:24:21 PM,13565.00,13566,1.0000,13568.0000,8.0000,5.00,6163.0000,6163.0000,26.00,6164.00,71.00,56.0,,,,,,,,,,,,,,,
18:24:20,6:24:20 PM,13565.00,13566,1.0000,13568.0000,8.0000,5.00,6163.0000,6163.0000,26.00,6164.00,71.00,56.0,,,,,,,,,,,,,,,
18:24:19,6:24:19 PM,13565.00,13566,1.0000,13568.0000,8.0000,5.00,6163.0000,6163.0000,26.00,6164.00,71.00,55.0,,,,,,,,,,,,,,,
18:24:18,6:24:18 PM,13565.00,13566,1.0000,13568.0000,8.0000,5.00,6163.0000,6163.0000,26.00,6164.00,71.00,55.0,,,,,,,,,,,,,,,
18:24:17,6:24:17 PM,13565.00,13566,1.0000,13568.0000,8.0000,5.00,6163.0000,6163.0000,26.00,6164.00,71.00,55.0,,,,,,,,,,,,,,,
18:24:16,6:24:16 PM,13565.00,13566,1.0000,13568.0000,8.0000,5.00,6163.0000,6163.0000,26.00,6164.00,71.00,54.0,,,,,,,,,,,,,,,
18:24:15,6:24:15 PM,13565.00,13566,1.0000,13568.0000,8.0000,5.00,6163.0000,6163.0000,26.00,6164.00,71.00,54.0,,,,,,,,,,,,,,,
18:24:14,6:24:14 PM,13565.00,13566,1.0000,13568.0000,8.0000,5.00,6163.0000,6163.0000,26.00,6164.00,71.00,54.0,,,,,,,,,,,,,,,
18:24:13,6:24:13 PM,13564.00,13566,1.0000,13566.0000,6.0000,5.00,6162.0000,6163.0000,18.00,6163.00,70.00,66.0,,,,,,,,,,,,,,,
18:24:12,6:24:12 PM,13566.00,13567,1.0000,13570.0000,5.0000,5.00,6163.0000,6163.0000,1.00,6164.00,82.00,49.0,,,,,,,,,,,,,,,
18:24:11,6:24:11 PM,13566.00,13567,1.0000,13570.0000,5.0000,5.00,6163.0000,6163.0000,1.00,6164.00,84.00,49.0,,,,,,,,,,,,,,,
18:24:10,6:24:10 PM,13566.00,13567,1.0000,13570.0000,5.0000,5.00,6163.0000,6164.0000,5.00,6164.00,78.00,50.0,,,,,,,,,,,,,,,
18:24:09,6:24:09 PM,13566.00,13567,1.0000,13570.0000,5.0000,5.00,6163.0000,6164.0000,5.00,6164.00,78.00,48.0,,,,,,,,,,,,,,,
18:24:08,6:24:08 PM,13567.00,13567,1.0000,13570.0000,9.0000,9.00,6164.0000,6164.0000,1.00,6165.00,70.00,89.0,,,,,,,,,,,,,,,
18:24:07,6:24:07 PM,13565.00,13567,1.0000,13568.0000,9.0000,4.00,6163.0000,6163.0000,12.00,6164.00,71.00,67.0,,,,,,,,,,,,,,,
18:24:06,6:24:06 PM,13565.00,13567,1.0000,13568.0000,9.0000,4.00,6163.0000,6163.0000,12.00,6164.00,71.00,67.0,,,,,,,,,,,,,,,
18:24:05,6:24:04 PM,13565.00,13567,1.0000,13568.0000,9.0000,4.00,6163.0000,6163.0000,12.00,6164.00,71.00,67.0,,,,,,,,,,,,,,,
18:24:04,6:24:04 PM,13565.00,13567,1.0000,13568.0000,9.0000,4.00,6163.0000,6163.0000,12.00,6164.00,71.00,67.0,,,,,,,,,,,,,,,
18:24:03,6:24:03 PM,13565.00,13567,1.0000,13567.0000,8.0000,4.00,6163.0000,6163.0000,12.00,6164.00,70.00,65.0,,,,,,,,,,,,,,,
18:24:02,6:24:02 PM,13565.00,13567,1.0000,13567.0000,6.0000,4.00,6163.0000,6163.0000,12.00,6164.00,71.00,64.0,,,,,,,,,,,,,,,
18:24:01,6:24:01 PM,13565.00,13567,1.0000,13567.0000,8.0000,4.00,6163.0000,6163.0000,12.00,6164.00,71.00,64.0,,,,,,,,,,,,,,,
18:24:00,6:24:00 PM,13562.00,13563,1.0000,13565.0000,13.0000,7.00,6163.0000,6163.0000,12.00,6164.00,61.00,69.0,,,,,,,,,,,,,,,
18:23:59,6:23:59 PM,13562.00,13563,1.0000,13565.0000,16.0000,7.00,6162.0000,6162.0000,42.00,6163.00,69.00,69.0,,,,,,,,,,,,,,,
18:23:58,6:23:58 PM,13561.00,13563,1.0000,13565.0000,16.0000,7.00,6162.0000,6162.0000,42.00,6163.00,69.00,69.0,,,,,,,,,,,,,,,
18:23:57,6:23:57 PM,13561.00,13563,1.0000,13565.0000,16.0000,7.00,6162.0000,6162.0000,42.00,6163.00,69.00,69.0,,,,,,,,,,,,,,,
18:23:56,6:23:56 PM,13561.00,13563,1.0000,13565.0000,16.0000,7.00,6162.0000,6162.0000,42.00,6163.00,69.00,69.0,,,,,,,,,,,,,,,
18:23:55,6:23:54 PM,13561.00,13563,1.0000,13565.0000,16.0000,7.00,6162.0000,6162.0000,42.00,6163.00,69.00,69.0,,,,,,,,,,,,,,,
18:23:54,6:23:54 PM,13561.00,13563,1.0000,13565.0000,16.0000,7.00,6162.0000,6162.0000,42.00,6163.00,69.00,69.0,,,,,,,,,,,,,,,
18:23:54,6:23:54 PM,13561.00,13563,1.0000,13565.0000,16.0000,7.00,6162.0000,6162.0000,42.00,6163.00,69.00,69.0,,,,,,,,,,,,,,,
18:23:52,6:23:51 PM,13561.00,13563,1.0000,13565.0000,16.0000,7.00,6162.0000,6162.0000,42.00,6163.00,69.00,69.0,,,,,,,,,,,,,,,
18:23:51,6:23:50 PM,13561.00,13563,1.0000,13565.0000,16.0000,7.00,6162.0000,6162.0000,42.00,6163.00,69.00,69.0,,,,,,,,,,,,,,,
18:23:50,6:23:49 PM,13561.00,13563,1.0000,13565.0000,16.0000,7.00,6162.0000,6162.0000,42.00,6163.00,69.00,69.0,,,,,,,,,,,,,,,
18:23:48,6:23:47 PM,13561.00,13563,1.0000,13565.0000,16.0000,7.00,6162.0000,6162.0000,42.00,6163.00,69.00,69.0,,,,,,,,,,,,,,,
18:23:47,6:23:47 PM,13561.00,13563,1.0000,13565.0000,16.0000,7.00,6162.0000,6162.0000,42.00,6163.00,69.00,69.0,,,,,,,,,,,,,,,
18:23:46,6:23:45 PM,13561.00,13563,1.0000,13565.0000,16.0000,7.00,6162.0000,6162.0000,42.00,6163.00,70.00,67.0,,,,,,,,,,,,,,,
18:23:44,6:23:43 PM,13561.00,13563,1.0000,13565.0000,16.0000,7.00,6162.0000,6162.0000,42.00,6163.00,70.00,67.0,,,,,,,,,,,,,,,
18:23:43,6:23:43 PM,13561.00,13563,1.0000,13565.0000,16.0000,7.00,6162.0000,6162.0000,42.00,6163.00,70.00,67.0,,,,,,,,,,,,,,,
18:23:42,6:23:41 PM,13561.00,13563,1.0000,13565.0000,16.0000,7.00,6162.0000,6162.0000,42.00,6163.00,70.00,67.0,,,,,,,,,,,,,,,
18:23:41,6:23:41 PM,13561.00,13563,1.0000,13565.0000,16.0000,7.00,6162.0000,6162.0000,42.00,6163.00,70.00,67.0,,,,,,,,,,,,,,,
18:23:41,6:23:40 PM,13561.00,13563,1.0000,13565.0000,16.0000,7.00,6162.0000,6162.0000,42.00,6163.00,70.00,67.0,,,,,,,,,,,,,,,
18:23:39,6:23:39 PM,13561.00,13563,1.0000,13565.0000,16.0000,7.00,6162.0000,6162.0000,42.00,6163.00,70.00,67.0,,,,,,,,,,,,,,,
18:23:39,6:23:38 PM,13561.00,13563,1.0000,13565.0000,16.0000,7.00,6162.0000,6162.0000,42.00,6163.00,70.00,67.0,,,,,,,,,,,,,,,
18:23:37,6:23:37 PM,13563.00,13563,1.0000,13567.0000,12.0000,4.00,6162.0000,6162.0000,38.00,6163.00,76.00,59.0,,,,,,,,,,,,,,,
18:23:36,6:23:36 PM,13563.00,13563,1.0000,13567.0000,15.0000,4.00,6162.0000,6162.0000,38.00,6163.00,76.00,59.0,,,,,,,,,,,,,,,
18:23:35,6:23:34 PM,13559.00,13559,1.0000,13560.0000,5.0000,6.00,6160.0000,6160.0000,2.00,6161.00,69.00,66.0,,,,,,,,,,,,,,,
18:23:34,6:23:34 PM,13559.00,13559,1.0000,13560.0000,5.0000,6.00,6160.0000,6160.0000,2.00,6161.00,69.00,66.0,,,,,,,,,,,,,,,
18:23:33,6:23:32 PM,13558.00,13559,1.0000,13560.0000,6.0000,6.00,6160.0000,6160.0000,2.00,6161.00,65.00,68.0,,,,,,,,,,,,,,,
18:23:32,6:23:32 PM,13558.00,13559,1.0000,13560.0000,6.0000,6.00,6160.0000,6160.0000,2.00,6161.00,65.00,68.0,,,,,,,,,,,,,,,
18:23:32,6:23:30 PM,13558.00,13559,1.0000,13560.0000,6.0000,6.00,6160.0000,6160.0000,2.00,6161.00,65.00,68.0,,,,,,,,,,,,,,,
18:23:30,6:23:30 PM,13558.00,13559,1.0000,13560.0000,6.0000,6.00,6160.0000,6160.0000,2.00,6161.00,65.00,68.0,,,,,,,,,,,,,,,
18:23:30,6:23:29 PM,13558.00,13559,1.0000,13560.0000,6.0000,6.00,6160.0000,6160.0000,2.00,6161.00,65.00,68.0,,,,,,,,,,,,,,,
18:23:28,6:23:28 PM,13558.00,13559,1.0000,13560.0000,6.0000,6.00,6160.0000,6160.0000,2.00,6161.00,65.00,68.0,,,,,,,,,,,,,,,
18:23:27,6:23:27 PM,13558.00,13559,1.0000,13560.0000,6.0000,6.00,6160.0000,6160.0000,2.00,6161.00,64.00,69.0,,,,,,,,,,,,,,,
18:23:26,6:23:25 PM,13558.00,13559,1.0000,13560.0000,6.0000,6.00,6160.0000,6160.0000,2.00,6161.00,64.00,69.0,,,,,,,,,,,,,,,
18:23:25,6:23:25 PM,13558.00,13559,1.0000,13560.0000,6.0000,6.00,6160.0000,6160.0000,2.00,6161.00,64.00,69.0,,,,,,,,,,,,,,,
18:23:24,6:23:24 PM,13558.00,13559,1.0000,13560.0000,6.0000,6.00,6160.0000,6161.0000,1.00,6161.00,65.00,68.0,,,,,,,,,,,,,,,
18:23:24,6:23:23 PM,13558.00,13559,1.0000,13560.0000,6.0000,6.00,6160.0000,6161.0000,1.00,6161.00,65.00,68.0,,,,,,,,,,,,,,,
18:23:22,6:23:21 PM,13558.00,13559,1.0000,13560.0000,6.0000,6.00,6160.0000,6161.0000,1.00,6161.00,65.00,68.0,,,,,,,,,,,,,,,
18:23:21,6:23:21 PM,13558.00,13559,1.0000,13560.0000,6.0000,6.00,6160.0000,6161.0000,1.00,6161.00,65.00,68.0,,,,,,,,,,,,,,,
18:23:20,6:23:19 PM,13558.00,13559,1.0000,13560.0000,6.0000,6.00,6160.0000,6161.0000,1.00,6161.00,64.00,68.0,,,,,,,,,,,,,,,
18:23:19,6:23:19 PM,13558.00,13559,1.0000,13560.0000,6.0000,6.00,6160.0000,6161.0000,1.00,6161.00,64.00,68.0,,,,,,,,,,,,,,,
18:23:18,6:23:17 PM,13558.00,13559,1.0000,13560.0000,5.0000,6.00,6160.0000,6161.0000,1.00,6161.00,62.00,69.0,,,,,,,,,,,,,,,
18:23:17,6:23:17 PM,13558.00,13559,1.0000,13560.0000,5.0000,6.00,6160.0000,6161.0000,1.00,6161.00,62.00,69.0,,,,,,,,,,,,,,,
18:23:17,6:23:16 PM,13558.00,13559,1.0000,13560.0000,5.0000,6.00,6160.0000,6161.0000,1.00,6161.00,62.00,69.0,,,,,,,,,,,,,,,
18:23:15,6:23:15 PM,13559.00,13560,1.0000,13560.0000,6.0000,6.00,6160.0000,6161.0000,55.00,6161.00,72.00,66.0,,,,,,,,,,,,,,,
18:23:14,6:23:14 PM,13559.00,13560,1.0000,13560.0000,6.0000,6.00,6160.0000,6161.0000,55.00,6161.00,72.00,63.0,,,,,,,,,,,,,,,
18:23:13,6:23:13 PM,13557.00,13560,1.0000,13560.0000,14.0000,6.00,6160.0000,6161.0000,55.00,6161.00,66.00,60.0,,,,,,,,,,,,,,,
18:23:12,6:23:12 PM,13557.00,13560,1.0000,13560.0000,14.0000,6.00,6160.0000,6161.0000,54.00,6161.00,62.00,64.0,,,,,,,,,,,,,,,
18:23:11,6:23:11 PM,13558.00,13560,1.0000,13560.0000,15.0000,4.00,6160.0000,6160.0000,12.00,6161.00,90.00,84.0,,,,,,,,,,,,,,,
18:23:10,6:23:09 PM,13558.00,13560,1.0000,13560.0000,15.0000,4.00,6160.0000,6160.0000,12.00,6161.00,90.00,84.0,,,,,,,,,,,,,,,
18:23:09,6:23:09 PM,13558.00,13560,1.0000,13560.0000,15.0000,4.00,6160.0000,6160.0000,12.00,6161.00,91.00,82.0,,,,,,,,,,,,,,,
18:23:08,6:23:08 PM,13558.00,13560,1.0000,13560.0000,15.0000,4.00,6160.0000,6160.0000,12.00,6161.00,91.00,96.0,,,,,,,,,,,,,,,
18:23:07,6:23:07 PM,13558.00,13559,1.0000,13560.0000,15.0000,5.00,6160.0000,6160.0000,12.00,6161.00,92.00,118.0,,,,,,,,,,,,,,,
18:23:06,6:23:06 PM,13558.00,13559,1.0000,13560.0000,15.0000,5.00,6160.0000,6160.0000,12.00,6161.00,89.00,118.0,,,,,,,,,,,,,,,
18:23:06,6:23:05 PM,13558.00,13559,1.0000,13560.0000,15.0000,5.00,6160.0000,6160.0000,12.00,6161.00,89.00,118.0,,,,,,,,,,,,,,,
18:23:04,6:23:04 PM,13558.00,13559,1.0000,13560.0000,15.0000,5.00,6160.0000,6160.0000,12.00,6161.00,88.00,117.0,,,,,,,,,,,,,,,
18:23:03,6:23:03 PM,13558.00,13559,1.0000,13560.0000,15.0000,5.00,6160.0000,6160.0000,12.00,6161.00,88.00,130.0,,,,,,,,,,,,,,,
18:23:02,6:23:02 PM,13558.00,13559,1.0000,13560.0000,14.0000,5.00,6160.0000,6160.0000,12.00,6161.00,89.00,138.0,,,,,,,,,,,,,,,
18:23:01,6:23:01 PM,13557.00,13557,1.0000,13559.0000,9.0000,6.00,6159.0000,6159.0000,9.00,6160.00,101.00,159.0,,,,,,,,,,,,,,,
18:23:00,6:23:00 PM,13557.00,13557,1.0000,13559.0000,9.0000,6.00,6159.0000,6159.0000,9.00,6160.00,95.00,160.0,,,,,,,,,,,,,,,
18:22:59,6:22:59 PM,13556.00,13556,1.0000,13559.0000,14.0000,7.00,6159.0000,6159.0000,8.00,6160.00,99.00,163.0,,,,,,,,,,,,,,,
18:22:58,6:22:58 PM,13551.00,13552,1.0000,13556.0000,9.0000,7.00,6156.0000,6157.0000,7.00,6157.00,154.00,61.0,,,,,,,,,,,,,,,
18:22:57,6:22:57 PM,13551.00,13552,1.0000,13556.0000,17.0000,6.00,6157.0000,6158.0000,1.00,6158.00,104.00,73.0,,,,,,,,,,,,,,,
18:22:56,6:22:55 PM,13551.00,13552,1.0000,13556.0000,17.0000,6.00,6157.0000,6158.0000,1.00,6158.00,104.00,73.0,,,,,,,,,,,,,,,
18:22:55,6:22:55 PM,13551.00,13552,1.0000,13556.0000,17.0000,6.00,6157.0000,6158.0000,1.00,6158.00,107.00,70.0,,,,,,,,,,,,,,,
18:22:54,6:22:54 PM,13551.00,13552,1.0000,13556.0000,17.0000,5.00,6157.0000,6158.0000,1.00,6158.00,107.00,70.0,,,,,,,,,,,,,,,
18:22:54,6:22:52 PM,13551.00,13552,1.0000,13556.0000,17.0000,5.00,6157.0000,6158.0000,1.00,6158.00,106.00,70.0,,,,,,,,,,,,,,,
18:22:52,6:22:51 PM,13551.00,13552,1.0000,13556.0000,17.0000,5.00,6157.0000,6158.0000,1.00,6158.00,106.00,70.0,,,,,,,,,,,,,,,
18:22:51,6:22:51 PM,13551.00,13552,1.0000,13556.0000,17.0000,5.00,6157.0000,6158.0000,1.00,6158.00,106.00,70.0,,,,,,,,,,,,,,,
18:22:50,6:22:49 PM,13551.00,13552,1.0000,13556.0000,17.0000,5.00,6157.0000,6158.0000,1.00,6158.00,104.00,70.0,,,,,,,,,,,,,,,
18:22:49,6:22:49 PM,13551.00,13552,1.0000,13556.0000,17.0000,5.00,6157.0000,6158.0000,1.00,6158.00,104.00,70.0,,,,,,,,,,,,,,,
18:22:49,6:22:49 PM,13551.00,13552,1.0000,13556.0000,17.0000,5.00,6157.0000,6158.0000,1.00,6158.00,104.00,70.0,,,,,,,,,,,,,,,
18:22:47,6:22:47 PM,13551.00,13552,1.0000,13554.0000,10.0000,6.00,6156.0000,6157.0000,4.00,6158.00,146.00,84.0,,,,,,,,,,,,,,,
18:22:46,6:22:45 PM,13551.00,13552,1.0000,13554.0000,8.0000,6.00,6156.0000,6156.0000,1.00,6157.00,138.00,69.0,,,,,,,,,,,,,,,
18:22:45,6:22:45 PM,13551.00,13552,1.0000,13554.0000,8.0000,6.00,6156.0000,6156.0000,1.00,6157.00,138.00,69.0,,,,,,,,,,,,,,,
18:22:45,6:22:44 PM,13551.00,13552,1.0000,13554.0000,8.0000,6.00,6156.0000,6156.0000,1.00,6157.00,138.00,69.0,,,,,,,,,,,,,,,
18:22:43,6:22:42 PM,13551.00,13552,1.0000,13554.0000,8.0000,6.00,6156.0000,6156.0000,1.00,6157.00,138.00,69.0,,,,,,,,,,,,,,,
18:22:42,6:22:42 PM,13551.00,13552,1.0000,13554.0000,8.0000,6.00,6156.0000,6156.0000,1.00,6157.00,138.00,69.0,,,,,,,,,,,,,,,
18:22:41,6:22:40 PM,13551.00,13552,1.0000,13554.0000,8.0000,6.00,6156.0000,6156.0000,1.00,6157.00,138.00,69.0,,,,,,,,,,,,,,,
18:22:40,6:22:40 PM,13551.00,13552,1.0000,13554.0000,10.0000,6.00,6156.0000,6156.0000,1.00,6157.00,138.00,71.0,,,,,,,,,,,,,,,
18:22:39,6:22:39 PM,13551.00,13552,1.0000,13554.0000,10.0000,6.00,6156.0000,6157.0000,3.00,6157.00,144.00,68.0,,,,,,,,,,,,,,,
18:22:38,6:22:38 PM,13550.00,13552,1.0000,13554.0000,13.0000,6.00,6156.0000,6156.0000,1.00,6157.00,141.00,64.0,,,,,,,,,,,,,,,
18:22:38,6:22:36 PM,13550.00,13552,1.0000,13554.0000,13.0000,6.00,6156.0000,6156.0000,1.00,6157.00,141.00,64.0,,,,,,,,,,,,,,,
18:22:36,6:22:36 PM,13550.00,13552,1.0000,13554.0000,13.0000,6.00,6156.0000,6156.0000,1.00,6157.00,141.00,65.0,,,,,,,,,,,,,,,
18:22:36,6:22:35 PM,13550.00,13552,1.0000,13554.0000,13.0000,6.00,6156.0000,6156.0000,1.00,6157.00,141.00,66.0,,,,,,,,,,,,,,,
18:22:34,6:22:34 PM,13550.00,13552,1.0000,13554.0000,13.0000,6.00,6156.0000,6156.0000,1.00,6157.00,141.00,66.0,,,,,,,,,,,,,,,
18:22:34,6:22:33 PM,13550.00,13552,1.0000,13554.0000,13.0000,6.00,6156.0000,6156.0000,1.00,6157.00,141.00,66.0,,,,,,,,,,,,,,,
18:22:32,6:22:31 PM,13550.00,13552,1.0000,13554.0000,13.0000,6.00,6156.0000,6156.0000,1.00,6157.00,141.00,66.0,,,,,,,,,,,,,,,
18:22:31,6:22:31 PM,13550.00,13552,1.0000,13554.0000,13.0000,6.00,6156.0000,6156.0000,1.00,6157.00,141.00,66.0,,,,,,,,,,,,,,,
18:22:30,6:22:29 PM,13550.00,13552,1.0000,13554.0000,13.0000,6.00,6156.0000,6156.0000,1.00,6157.00,141.00,66.0,,,,,,,,,,,,,,,
18:22:29,6:22:28 PM,13550.00,13552,1.0000,13554.0000,13.0000,6.00,6156.0000,6156.0000,1.00,6157.00,140.00,69.0,,,,,,,,,,,,,,,
18:22:28,6:22:28 PM,13550.00,13552,1.0000,13554.0000,13.0000,6.00,6156.0000,6156.0000,1.00,6157.00,140.00,69.0,,,,,,,,,,,,,,,
18:22:27,6:22:27 PM,13551.00,13552,1.0000,13554.0000,10.0000,6.00,6156.0000,6156.0000,1.00,6157.00,140.00,67.0,,,,,,,,,,,,,,,
18:22:26,6:22:25 PM,13552.00,13552,1.0000,13554.0000,9.0000,6.00,6156.0000,6156.0000,1.00,6157.00,141.00,67.0,,,,,,,,,,,,,,,
18:22:25,6:22:25 PM,13552.00,13552,1.0000,13554.0000,11.0000,6.00,6156.0000,6156.0000,1.00,6157.00,141.00,67.0,,,,,,,,,,,,,,,
18:22:24,6:22:24 PM,13552.00,13553,1.0000,13555.0000,10.0000,5.00,6156.0000,6157.0000,58.00,6157.00,143.00,61.0,,,,,,,,,,,,,,,
18:22:23,6:22:22 PM,13552.00,13553,1.0000,13555.0000,10.0000,5.00,6156.0000,6157.0000,58.00,6157.00,143.00,61.0,,,,,,,,,,,,,,,
18:22:22,6:22:22 PM,13552.00,13553,1.0000,13555.0000,10.0000,5.00,6156.0000,6157.0000,58.00,6157.00,143.00,61.0,,,,,,,,,,,,,,,
18:22:21,6:22:20 PM,13552.00,13553,1.0000,13556.0000,10.0000,5.00,6156.0000,6157.0000,58.00,6157.00,143.00,59.0,,,,,,,,,,,,,,,
18:22:20,6:22:20 PM,13552.00,13553,1.0000,13556.0000,10.0000,5.00,6156.0000,6157.0000,58.00,6157.00,143.00,59.0,,,,,,,,,,,,,,,
18:22:19,6:22:18 PM,13552.00,13553,1.0000,13556.0000,10.0000,5.00,6156.0000,6157.0000,58.00,6157.00,143.00,60.0,,,,,,,,,,,,,,,
18:22:18,6:22:18 PM,13552.00,13553,1.0000,13556.0000,10.0000,5.00,6156.0000,6157.0000,58.00,6157.00,143.00,60.0,,,,,,,,,,,,,,,
18:22:18,6:22:17 PM,13552.00,13553,1.0000,13556.0000,10.0000,5.00,6156.0000,6157.0000,58.00,6157.00,143.00,59.0,,,,,,,,,,,,,,,
18:22:16,6:22:16 PM,13552.00,13553,1.0000,13556.0000,7.0000,6.00,6156.0000,6157.0000,58.00,6157.00,133.00,63.0,,,,,,,,,,,,,,,
18:22:15,6:22:15 PM,13552.00,13553,1.0000,13556.0000,5.0000,8.00,6156.0000,6157.0000,58.00,6157.00,133.00,59.0,,,,,,,,,,,,,,,
18:22:15,6:22:14 PM,13552.00,13553,1.0000,13556.0000,5.0000,8.00,6156.0000,6157.0000,58.00,6157.00,122.00,69.0,,,,,,,,,,,,,,,
18:22:13,6:22:13 PM,13552.00,13553,1.0000,13556.0000,5.0000,8.00,6156.0000,6157.0000,58.00,6157.00,122.00,69.0,,,,,,,,,,,,,,,
18:22:12,6:22:12 PM,13552.00,13553,1.0000,13556.0000,5.0000,8.00,6156.0000,6157.0000,58.00,6157.00,123.00,67.0,,,,,,,,,,,,,,,
18:22:11,6:22:10 PM,13552.00,13553,1.0000,13556.0000,5.0000,8.00,6156.0000,6157.0000,58.00,6157.00,123.00,67.0,,,,,,,,,,,,,,,
18:22:10,6:22:10 PM,13552.00,13553,1.0000,13556.0000,5.0000,8.00,6156.0000,6157.0000,58.00,6157.00,123.00,67.0,,,,,,,,,,,,,,,
18:22:09,6:22:08 PM,13552.00,13553,1.0000,13556.0000,6.0000,5.00,6156.0000,6157.0000,58.00,6157.00,130.00,59.0,,,,,,,,,,,,,,,
18:22:08,6:22:08 PM,13552.00,13553,1.0000,13556.0000,6.0000,5.00,6156.0000,6157.0000,58.00,6157.00,130.00,59.0,,,,,,,,,,,,,,,
18:22:08,6:22:06 PM,13552.00,13553,1.0000,13556.0000,6.0000,5.00,6156.0000,6157.0000,58.00,6157.00,130.00,59.0,,,,,,,,,,,,,,,
18:22:06,6:22:06 PM,13552.00,13553,1.0000,13556.0000,6.0000,5.00,6156.0000,6157.0000,58.00,6157.00,130.00,59.0,,,,,,,,,,,,,,,
18:22:06,6:22:05 PM,13552.00,13553,1.0000,13556.0000,6.0000,5.00,6156.0000,6157.0000,58.00,6157.00,130.00,59.0,,,,,,,,,,,,,,,
18:22:04,6:22:04 PM,13552.00,13553,1.0000,13556.0000,6.0000,5.00,6156.0000,6157.0000,58.00,6157.00,131.00,59.0,,,,,,,,,,,,,,,
18:22:04,6:22:03 PM,13552.00,13553,1.0000,13556.0000,6.0000,5.00,6156.0000,6157.0000,58.00,6157.00,131.00,60.0,,,,,,,,,,,,,,,
18:22:02,6:22:01 PM,13552.00,13553,1.0000,13556.0000,7.0000,5.00,6156.0000,6157.0000,58.00,6157.00,132.00,59.0,,,,,,,,,,,,,,,
18:22:01,6:22:01 PM,13552.00,13553,1.0000,13556.0000,7.0000,4.00,6156.0000,6157.0000,58.00,6157.00,130.00,57.0,,,,,,,,,,,,,,,
18:22:01,6:22:01 PM,13552.00,13553,1.0000,13556.0000,12.0000,5.00,6157.0000,6157.0000,46.00,6158.00,117.00,70.0,,,,,,,,,,,,,,,
18:21:59,6:21:59 PM,13552.00,13553,1.0000,13556.0000,12.0000,5.00,6157.0000,6157.0000,46.00,6158.00,119.00,70.0,,,,,,,,,,,,,,,
18:21:58,6:21:58 PM,13552.00,13553,1.0000,13556.0000,13.0000,5.00,6157.0000,6157.0000,46.00,6158.00,118.00,68.0,,,,,,,,,,,,,,,
18:21:58,6:21:57 PM,13551.00,13551,1.0000,13553.0000,6.0000,5.00,6156.0000,6157.0000,1.00,6157.00,113.00,107.0,,,,,,,,,,,,,,,
18:21:56,6:21:56 PM,13550.00,13551,1.0000,13553.0000,8.0000,4.00,6156.0000,6157.0000,1.00,6157.00,100.00,114.0,,,,,,,,,,,,,,,
18:21:55,6:21:55 PM,13550.00,13551,1.0000,13552.0000,8.0000,4.00,6156.0000,6157.0000,1.00,6157.00,100.00,115.0,,,,,,,,,,,,,,,
18:21:54,6:21:54 PM,13550.00,13551,1.0000,13552.0000,8.0000,4.00,6156.0000,6156.0000,18.00,6157.00,98.00,116.0,,,,,,,,,,,,,,,
18:21:53,6:21:53 PM,13550.00,13551,1.0000,13552.0000,8.0000,4.00,6156.0000,6156.0000,18.00,6157.00,95.00,119.0,,,,,,,,,,,,,,,
18:21:52,6:21:52 PM,13550.00,13551,1.0000,13552.0000,8.0000,4.00,6156.0000,6156.0000,18.00,6157.00,94.00,119.0,,,,,,,,,,,,,,,
18:21:51,6:21:51 PM,13550.00,13551,1.0000,13552.0000,7.0000,4.00,6156.0000,6156.0000,18.00,6157.00,90.00,137.0,,,,,,,,,,,,,,,
18:21:50,6:21:49 PM,13550.00,13551,1.0000,13552.0000,12.0000,4.00,6155.0000,6156.0000,18.00,6157.00,104.00,165.0,,,,,,,,,,,,,,,
18:21:49,6:21:49 PM,13550.00,13551,1.0000,13552.0000,12.0000,4.00,6155.0000,6156.0000,18.00,6157.00,104.00,165.0,,,,,,,,,,,,,,,
18:21:48,6:21:48 PM,13548.00,13548,1.0000,13551.0000,16.0000,6.00,6155.0000,6155.0000,59.00,6156.00,82.00,157.0,,,,,,,,,,,,,,,
18:21:47,6:21:47 PM,13548.00,13548,1.0000,13551.0000,16.0000,6.00,6155.0000,6155.0000,59.00,6156.00,73.00,159.0,,,,,,,,,,,,,,,
18:21:46,6:21:46 PM,13548.00,13548,1.0000,13551.0000,16.0000,6.00,6155.0000,6155.0000,59.00,6156.00,73.00,159.0,,,,,,,,,,,,,,,
18:21:45,6:21:45 PM,13548.00,13548,1.0000,13551.0000,16.0000,6.00,6155.0000,6155.0000,59.00,6156.00,73.00,159.0,,,,,,,,,,,,,,,
18:21:44,6:21:44 PM,13548.00,13548,1.0000,13551.0000,16.0000,6.00,6155.0000,6155.0000,59.00,6156.00,73.00,159.0,,,,,,,,,,,,,,,
18:21:43,6:21:43 PM,13548.00,13548,1.0000,13551.0000,16.0000,6.00,6155.0000,6155.0000,59.00,6156.00,73.00,159.0,,,,,,,,,,,,,,,
18:21:43,6:21:43 PM,13548.00,13548,1.0000,13551.0000,16.0000,6.00,6155.0000,6155.0000,59.00,6156.00,73.00,159.0,,,,,,,,,,,,,,,
18:21:41,6:21:41 PM,13548.00,13548,1.0000,13551.0000,12.0000,6.00,6155.0000,6155.0000,59.00,6156.00,56.00,161.0,,,,,,,,,,,,,,,
18:21:41,6:21:40 PM,13548.00,13548,1.0000,13551.0000,12.0000,6.00,6155.0000,6155.0000,59.00,6156.00,56.00,161.0,,,,,,,,,,,,,,,
18:21:39,6:21:39 PM,13548.00,13548,1.0000,13550.0000,12.0000,4.00,6155.0000,6155.0000,59.00,6156.00,56.00,163.0,,,,,,,,,,,,,,,
18:21:38,6:21:38 PM,13548.00,13548,1.0000,13550.0000,5.0000,6.00,6154.0000,6155.0000,49.00,6155.00,49.00,109.0,,,,,,,,,,,,,,,
18:21:37,6:21:37 PM,13547.00,13548,1.0000,13550.0000,5.0000,7.00,6154.0000,6155.0000,49.00,6155.00,49.00,109.0,,,,,,,,,,,,,,,
18:21:36,6:21:36 PM,13547.00,13548,1.0000,13550.0000,5.0000,7.00,6154.0000,6155.0000,49.00,6155.00,51.00,107.0,,,,,,,,,,,,,,,
18:21:36,6:21:35 PM,13547.00,13548,1.0000,13550.0000,5.0000,7.00,6154.0000,6155.0000,49.00,6155.00,51.00,107.0,,,,,,,,,,,,,,,
18:21:34,6:21:34 PM,13548.00,13550,1.0000,13550.0000,16.0000,5.00,6155.0000,6155.0000,33.00,6156.00,59.00,160.0,,,,,,,,,,,,,,,
18:21:33,6:21:33 PM,13548.00,13550,1.0000,13551.0000,16.0000,6.00,6155.0000,6155.0000,33.00,6156.00,59.00,160.0,,,,,,,,,,,,,,,
18:21:32,6:21:31 PM,13548.00,13550,1.0000,13551.0000,16.0000,6.00,6155.0000,6155.0000,33.00,6156.00,59.00,160.0,,,,,,,,,,,,,,,
18:21:31,6:21:31 PM,13548.00,13550,1.0000,13551.0000,16.0000,6.00,6155.0000,6155.0000,33.00,6156.00,59.00,160.0,,,,,,,,,,,,,,,
18:21:31,6:21:30 PM,13548.00,13550,1.0000,13551.0000,16.0000,6.00,6155.0000,6155.0000,33.00,6156.00,59.00,160.0,,,,,,,,,,,,,,,
18:21:29,6:21:29 PM,13548.00,13550,1.0000,13551.0000,16.0000,6.00,6155.0000,6155.0000,33.00,6156.00,60.00,159.0,,,,,,,,,,,,,,,
18:21:29,6:21:28 PM,13548.00,13550,1.0000,13551.0000,16.0000,6.00,6155.0000,6155.0000,33.00,6156.00,60.00,159.0,,,,,,,,,,,,,,,
18:21:27,6:21:26 PM,13548.00,13550,1.0000,13551.0000,16.0000,6.00,6155.0000,6155.0000,33.00,6156.00,60.00,159.0,,,,,,,,,,,,,,,
18:21:26,6:21:26 PM,13548.00,13550,1.0000,13551.0000,16.0000,6.00,6155.0000,6155.0000,33.00,6156.00,62.00,159.0,,,,,,,,,,,,,,,
18:21:25,6:21:25 PM,13549.00,13550,1.0000,13551.0000,7.0000,5.00,6155.0000,6155.0000,32.00,6156.00,65.00,157.0,,,,,,,,,,,,,,,
18:21:24,6:21:24 PM,13549.00,13550,1.0000,13551.0000,7.0000,5.00,6155.0000,6155.0000,32.00,6156.00,65.00,157.0,,,,,,,,,,,,,,,
18:21:23,6:21:23 PM,13549.00,13550,1.0000,13551.0000,7.0000,5.00,6155.0000,6155.0000,32.00,6156.00,64.00,157.0,,,,,,,,,,,,,,,
18:21:22,6:21:21 PM,13549.00,13550,1.0000,13551.0000,7.0000,5.00,6155.0000,6155.0000,32.00,6156.00,64.00,157.0,,,,,,,,,,,,,,,
18:21:21,6:21:21 PM,13549.00,13550,1.0000,13551.0000,7.0000,5.00,6155.0000,6155.0000,32.00,6156.00,64.00,157.0,,,,,,,,,,,,,,,
18:21:21,6:21:19 PM,13549.00,13550,1.0000,13551.0000,7.0000,5.00,6155.0000,6155.0000,32.00,6156.00,64.00,157.0,,,,,,,,,,,,,,,
18:21:19,6:21:19 PM,13549.00,13550,1.0000,13551.0000,7.0000,5.00,6155.0000,6155.0000,32.00,6156.00,64.00,157.0,,,,,,,,,,,,,,,
18:21:19,6:21:18 PM,13549.00,13550,1.0000,13551.0000,7.0000,5.00,6155.0000,6155.0000,32.00,6156.00,64.00,157.0,,,,,,,,,,,,,,,
18:21:17,6:21:17 PM,13549.00,13550,1.0000,13551.0000,7.0000,5.00,6155.0000,6155.0000,32.00,6156.00,65.00,157.0,,,,,,,,,,,,,,,
18:21:16,6:21:16 PM,13549.00,13550,1.0000,13551.0000,7.0000,5.00,6155.0000,6155.0000,32.00,6156.00,65.00,157.0,,,,,,,,,,,,,,,
18:21:15,6:21:14 PM,13549.00,13550,1.0000,13551.0000,7.0000,5.00,6155.0000,6155.0000,32.00,6156.00,67.00,157.0,,,,,,,,,,,,,,,
18:21:14,6:21:14 PM,13549.00,13550,1.0000,13551.0000,7.0000,5.00,6155.0000,6155.0000,32.00,6156.00,67.00,157.0,,,,,,,,,,,,,,,
18:21:14,6:21:13 PM,13549.00,13550,1.0000,13551.0000,7.0000,5.00,6155.0000,6155.0000,32.00,6156.00,67.00,157.0,,,,,,,,,,,,,,,
18:21:12,6:21:11 PM,13549.00,13550,1.0000,13551.0000,7.0000,5.00,6155.0000,6155.0000,32.00,6156.00,67.00,157.0,,,,,,,,,,,,,,,
18:21:11,6:21:11 PM,13549.00,13550,1.0000,13551.0000,7.0000,5.00,6155.0000,6155.0000,32.00,6156.00,67.00,157.0,,,,,,,,,,,,,,,
18:21:11,6:21:10 PM,13549.00,13550,1.0000,13551.0000,7.0000,5.00,6155.0000,6155.0000,32.00,6156.00,67.00,157.0,,,,,,,,,,,,,,,
18:21:09,6:21:09 PM,13549.00,13550,1.0000,13551.0000,7.0000,5.00,6155.0000,6155.0000,32.00,6156.00,66.00,157.0,,,,,,,,,,,,,,,
18:21:08,6:21:08 PM,13548.00,13549,1.0000,13550.0000,15.0000,5.00,6155.0000,6155.0000,32.00,6156.00,62.00,161.0,,,,,,,,,,,,,,,
18:21:08,6:21:07 PM,13548.00,13549,1.0000,13550.0000,15.0000,5.00,6155.0000,6155.0000,32.00,6156.00,59.00,161.0,,,,,,,,,,,,,,,
18:21:06,6:21:06 PM,13548.00,13549,1.0000,13550.0000,15.0000,5.00,6155.0000,6155.0000,32.00,6156.00,58.00,161.0,,,,,,,,,,,,,,,
18:21:06,6:21:05 PM,13548.00,13549,1.0000,13550.0000,15.0000,5.00,6155.0000,6155.0000,32.00,6156.00,58.00,161.0,,,,,,,,,,,,,,,
18:21:04,6:21:04 PM,13548.00,13549,1.0000,13550.0000,13.0000,5.00,6155.0000,6155.0000,32.00,6156.00,58.00,161.0,,,,,,,,,,,,,,,
18:21:03,6:21:03 PM,13547.00,13549,1.0000,13549.0000,7.0000,4.00,6155.0000,6155.0000,32.00,6156.00,50.00,164.0,,,,,,,,,,,,,,,
18:21:02,6:21:01 PM,13547.00,13549,1.0000,13549.0000,7.0000,4.00,6154.0000,6155.0000,23.00,6155.00,51.00,145.0,,,,,,,,,,,,,,,
18:21:01,6:21:01 PM,13547.00,13549,1.0000,13549.0000,7.0000,4.00,6154.0000,6155.0000,23.00,6155.00,52.00,138.0,,,,,,,,,,,,,,,
18:21:00,6:21:00 PM,13549.00,13549,1.0000,13550.0000,7.0000,4.00,6155.0000,6156.0000,11.00,6156.00,63.00,154.0,,,,,,,,,,,,,,,
18:20:59,6:20:59 PM,13549.00,13549,1.0000,13550.0000,7.0000,4.00,6155.0000,6156.0000,11.00,6156.00,64.00,144.0,,,,,,,,,,,,,,,
18:20:58,6:20:58 PM,13549.00,13549,1.0000,13550.0000,7.0000,4.00,6155.0000,6156.0000,11.00,6156.00,64.00,144.0,,,,,,,,,,,,,,,
18:20:57,6:20:57 PM,13549.00,13549,1.0000,13550.0000,7.0000,5.00,6155.0000,6156.0000,11.00,6156.00,70.00,135.0,,,,,,,,,,,,,,,
18:20:57,6:20:57 PM,13549.00,13549,1.0000,13550.0000,7.0000,4.00,6155.0000,6156.0000,11.00,6156.00,75.00,123.0,,,,,,,,,,,,,,,
18:20:55,6:20:55 PM,13549.00,13549,1.0000,13550.0000,7.0000,4.00,6155.0000,6156.0000,11.00,6156.00,75.00,123.0,,,,,,,,,,,,,,,
18:20:54,6:20:54 PM,13550.00,13551,1.0000,13552.0000,12.0000,5.00,6155.0000,6156.0000,11.00,6156.00,76.00,100.0,,,,,,,,,,,,,,,
18:20:53,6:20:53 PM,13551.00,13554,1.0000,13552.0000,8.0000,5.00,6156.0000,6157.0000,15.00,6157.00,76.00,104.0,,,,,,,,,,,,,,,
18:20:53,6:20:52 PM,13551.00,13553,1.0000,13554.0000,8.0000,5.00,6156.0000,6157.0000,15.00,6157.00,76.00,100.0,,,,,,,,,,,,,,,
18:20:51,6:20:51 PM,13551.00,13553,1.0000,13554.0000,8.0000,5.00,6156.0000,6157.0000,15.00,6157.00,79.00,90.0,,,,,,,,,,,,,,,
18:20:51,6:20:50 PM,13551.00,13553,1.0000,13554.0000,10.0000,4.00,6156.0000,6157.0000,15.00,6157.00,81.00,79.0,,,,,,,,,,,,,,,
18:20:49,6:20:48 PM,13551.00,13553,1.0000,13554.0000,10.0000,4.00,6156.0000,6157.0000,15.00,6157.00,81.00,79.0,,,,,,,,,,,,,,,
18:20:48,6:20:48 PM,13551.00,13553,1.0000,13554.0000,10.0000,4.00,6156.0000,6157.0000,15.00,6157.00,90.00,63.0,,,,,,,,,,,,,,,
18:20:47,6:20:46 PM,13551.00,13553,1.0000,13554.0000,10.0000,4.00,6156.0000,6157.0000,15.00,6157.00,90.00,63.0,,,,,,,,,,,,,,,
18:20:46,6:20:46 PM,13551.00,13553,1.0000,13554.0000,10.0000,4.00,6156.0000,6157.0000,15.00,6157.00,90.00,63.0,,,,,,,,,,,,,,,
18:20:45,6:20:45 PM,13551.00,13553,1.0000,13554.0000,10.0000,4.00,6156.0000,6157.0000,13.00,6158.00,90.00,98.0,,,,,,,,,,,,,,,
18:20:44,6:20:44 PM,13551.00,13553,1.0000,13554.0000,8.0000,4.00,6156.0000,6157.0000,11.00,6157.00,87.00,68.0,,,,,,,,,,,,,,,
18:20:43,6:20:43 PM,13551.00,13553,1.0000,13554.0000,7.0000,4.00,6156.0000,6157.0000,11.00,6157.00,93.00,61.0,,,,,,,,,,,,,,,
18:20:42,6:20:42 PM,13551.00,13553,1.0000,13554.0000,7.0000,4.00,6156.0000,6157.0000,11.00,6157.00,93.00,61.0,,,,,,,,,,,,,,,
18:20:41,6:20:40 PM,13552.00,13553,1.0000,13554.0000,5.0000,5.00,6156.0000,6157.0000,11.00,6157.00,93.00,61.0,,,,,,,,,,,,,,,
18:20:40,6:20:40 PM,13552.00,13553,1.0000,13554.0000,5.0000,5.00,6156.0000,6157.0000,11.00,6157.00,93.00,61.0,,,,,,,,,,,,,,,
18:20:39,6:20:39 PM,13552.00,13553,1.0000,13554.0000,7.0000,4.00,6156.0000,6157.0000,11.00,6157.00,93.00,62.0,,,,,,,,,,,,,,,
18:20:38,6:20:38 PM,13551.00,13553,1.0000,13553.0000,12.0000,3.00,6156.0000,6157.0000,5.00,6157.00,86.00,67.0,,,,,,,,,,,,,,,
18:20:38,6:20:36 PM,13551.00,13553,1.0000,13553.0000,12.0000,3.00,6156.0000,6157.0000,5.00,6157.00,86.00,67.0,,,,,,,,,,,,,,,
18:20:36,6:20:36 PM,13551.00,13553,1.0000,13553.0000,12.0000,3.00,6156.0000,6157.0000,5.00,6157.00,86.00,67.0,,,,,,,,,,,,,,,
18:20:36,6:20:36 PM,13551.00,13553,1.0000,13553.0000,12.0000,3.00,6156.0000,6157.0000,5.00,6157.00,89.00,66.0,,,,,,,,,,,,,,,
18:20:34,6:20:33 PM,13551.00,13553,1.0000,13553.0000,12.0000,3.00,6156.0000,6156.0000,2.00,6157.00,89.00,69.0,,,,,,,,,,,,,,,
18:20:33,6:20:33 PM,13551.00,13553,1.0000,13553.0000,12.0000,3.00,6156.0000,6156.0000,2.00,6157.00,91.00,69.0,,,,,,,,,,,,,,,
18:20:32,6:20:32 PM,13551.00,13553,1.0000,13553.0000,12.0000,4.00,6156.0000,6157.0000,9.00,6157.00,90.00,69.0,,,,,,,,,,,,,,,
18:20:31,6:20:31 PM,13551.00,13553,1.0000,13553.0000,12.0000,4.00,6156.0000,6157.0000,8.00,6157.00,89.00,71.0,,,,,,,,,,,,,,,
18:20:31,6:20:30 PM,13551.00,13553,1.0000,13553.0000,12.0000,4.00,6156.0000,6157.0000,8.00,6157.00,89.00,71.0,,,,,,,,,,,,,,,
18:20:29,6:20:28 PM,13551.00,13553,1.0000,13553.0000,12.0000,4.00,6156.0000,6157.0000,8.00,6157.00,89.00,71.0,,,,,,,,,,,,,,,
18:20:28,6:20:28 PM,13551.00,13553,1.0000,13553.0000,12.0000,4.00,6156.0000,6157.0000,8.00,6157.00,89.00,71.0,,,,,,,,,,,,,,,
18:20:28,6:20:27 PM,13551.00,13553,1.0000,13553.0000,12.0000,4.00,6156.0000,6157.0000,8.00,6157.00,89.00,71.0,,,,,,,,,,,,,,,
18:20:26,6:20:25 PM,13551.00,13553,1.0000,13553.0000,12.0000,4.00,6156.0000,6157.0000,8.00,6157.00,89.00,71.0,,,,,,,,,,,,,,,
18:20:25,6:20:25 PM,13551.00,13553,1.0000,13553.0000,12.0000,4.00,6156.0000,6157.0000,8.00,6157.00,92.00,71.0,,,,,,,,,,,,,,,
18:20:25,6:20:24 PM,13551.00,13553,1.0000,13553.0000,12.0000,4.00,6156.0000,6157.0000,8.00,6157.00,89.00,72.0,,,,,,,,,,,,,,,
18:20:23,6:20:23 PM,13551.00,13553,1.0000,13553.0000,12.0000,4.00,6156.0000,6157.0000,8.00,6157.00,89.00,72.0,,,,,,,,,,,,,,,
18:20:22,6:20:22 PM,13551.00,13553,1.0000,13553.0000,13.0000,4.00,6156.0000,6157.0000,7.00,6157.00,113.00,64.0,,,,,,,,,,,,,,,
18:20:21,6:20:20 PM,13552.00,13554,1.0000,13554.0000,13.0000,5.00,6157.0000,6158.0000,2.00,6158.00,104.00,78.0,,,,,,,,,,,,,,,
18:20:19,6:20:18 PM,13552.00,13554,1.0000,13554.0000,13.0000,5.00,6157.0000,6158.0000,2.00,6158.00,104.00,78.0,,,,,,,,,,,,,,,
18:20:18,6:20:18 PM,13552.00,13554,1.0000,13554.0000,13.0000,5.00,6157.0000,6158.0000,2.00,6158.00,104.00,78.0,,,,,,,,,,,,,,,
18:20:17,6:20:17 PM,13552.00,13554,1.0000,13554.0000,13.0000,5.00,6157.0000,6158.0000,2.00,6158.00,104.00,78.0,,,,,,,,,,,,,,,
18:20:16,6:20:16 PM,13552.00,13554,1.0000,13554.0000,12.0000,6.00,6157.0000,6158.0000,1.00,6158.00,104.00,78.0,,,,,,,,,,,,,,,
18:20:16,6:20:15 PM,13552.00,13554,1.0000,13554.0000,12.0000,6.00,6157.0000,6158.0000,1.00,6158.00,104.00,78.0,,,,,,,,,,,,,,,
18:20:14,6:20:14 PM,13552.00,13554,1.0000,13554.0000,12.0000,6.00,6157.0000,6158.0000,1.00,6158.00,104.00,78.0,,,,,,,,,,,,,,,
18:20:13,6:20:13 PM,13552.00,13554,1.0000,13554.0000,12.0000,6.00,6157.0000,6158.0000,1.00,6158.00,100.00,79.0,,,,,,,,,,,,,,,
18:20:13,6:20:12 PM,13552.00,13554,1.0000,13554.0000,12.0000,6.00,6157.0000,6158.0000,1.00,6158.00,100.00,79.0,,,,,,,,,,,,,,,
18:20:11,6:20:11 PM,13552.00,13554,1.0000,13556.0000,9.0000,4.00,6157.0000,6158.0000,1.00,6158.00,109.00,71.0,,,,,,,,,,,,,,,
18:20:10,6:20:10 PM,13552.00,13554,1.0000,13556.0000,9.0000,4.00,6157.0000,6158.0000,1.00,6158.00,103.00,75.0,,,,,,,,,,,,,,,
18:20:10,6:20:09 PM,13552.00,13554,1.0000,13556.0000,9.0000,4.00,6157.0000,6158.0000,1.00,6158.00,101.00,75.0,,,,,,,,,,,,,,,
18:20:08,6:20:08 PM,13552.00,13554,1.0000,13556.0000,6.0000,4.00,6157.0000,6158.0000,1.00,6158.00,102.00,75.0,,,,,,,,,,,,,,,
18:20:07,6:20:07 PM,13552.00,13554,1.0000,13556.0000,6.0000,4.00,6156.0000,6157.0000,10.00,6158.00,132.00,81.0,,,,,,,,,,,,,,,
18:20:06,6:20:06 PM,13552.00,13554,1.0000,13556.0000,6.0000,4.00,6156.0000,6157.0000,10.00,6158.00,132.00,81.0,,,,,,,,,,,,,,,
18:20:05,6:20:05 PM,13552.00,13554,1.0000,13556.0000,13.0000,4.00,6156.0000,6157.0000,10.00,6158.00,134.00,81.0,,,,,,,,,,,,,,,
18:20:04,6:20:03 PM,13552.00,13554,1.0000,13556.0000,13.0000,4.00,6156.0000,6157.0000,10.00,6158.00,134.00,82.0,,,,,,,,,,,,,,,
18:20:03,6:20:03 PM,13552.00,13554,1.0000,13556.0000,13.0000,4.00,6156.0000,6157.0000,10.00,6158.00,134.00,82.0,,,,,,,,,,,,,,,
18:20:03,6:20:02 PM,13552.00,13554,1.0000,13556.0000,9.0000,4.00,6157.0000,6157.0000,9.00,6158.00,100.00,77.0,,,,,,,,,,,,,,,
18:20:01,6:20:01 PM,13552.00,13554,1.0000,13556.0000,13.0000,4.00,6156.0000,6157.0000,9.00,6158.00,135.00,80.0,,,,,,,,,,,,,,,
18:20:00,6:20:00 PM,13552.00,13554,1.0000,13556.0000,13.0000,4.00,6156.0000,6157.0000,9.00,6158.00,135.00,80.0,,,,,,,,,,,,,,,
18:19:59,6:19:59 PM,13552.00,13554,1.0000,13556.0000,14.0000,4.00,6156.0000,6157.0000,9.00,6158.00,135.00,79.0,,,,,,,,,,,,,,,
18:19:58,6:19:58 PM,13553.00,13554,1.0000,13556.0000,10.0000,4.00,6157.0000,6157.0000,4.00,6158.00,131.00,81.0,,,,,,,,,,,,,,,
18:19:57,6:19:57 PM,13553.00,13554,1.0000,13556.0000,10.0000,4.00,6157.0000,6157.0000,4.00,6158.00,132.00,81.0,,,,,,,,,,,,,,,
18:19:56,6:19:56 PM,13553.00,13554,1.0000,13556.0000,10.0000,4.00,6157.0000,6157.0000,4.00,6158.00,132.00,81.0,,,,,,,,,,,,,,,
18:19:55,6:19:55 PM,13556.00,13557,1.0000,13559.0000,10.0000,7.00,6158.0000,6159.0000,1.00,6159.00,125.00,95.0,,,,,,,,,,,,,,,
18:19:54,6:19:54 PM,13556.00,13557,1.0000,13559.0000,10.0000,7.00,6158.0000,6159.0000,1.00,6159.00,134.00,95.0,,,,,,,,,,,,,,,
18:19:53,6:19:52 PM,13556.00,13557,1.0000,13559.0000,10.0000,7.00,6158.0000,6159.0000,1.00,6159.00,134.00,95.0,,,,,,,,,,,,,,,
18:19:52,6:19:52 PM,13556.00,13557,1.0000,13559.0000,10.0000,7.00,6158.0000,6159.0000,1.00,6159.00,134.00,95.0,,,,,,,,,,,,,,,
18:19:52,6:19:50 PM,13556.00,13557,1.0000,13559.0000,10.0000,7.00,6158.0000,6159.0000,1.00,6159.00,134.00,95.0,,,,,,,,,,,,,,,
18:19:50,6:19:50 PM,13556.00,13557,1.0000,13559.0000,10.0000,7.00,6158.0000,6159.0000,1.00,6159.00,134.00,95.0,,,,,,,,,,,,,,,
18:19:49,6:19:48 PM,13556.00,13557,1.0000,13559.0000,10.0000,7.00,6158.0000,6159.0000,1.00,6159.00,143.00,95.0,,,,,,,,,,,,,,,
18:19:48,6:19:48 PM,13556.00,13557,1.0000,13559.0000,10.0000,7.00,6158.0000,6159.0000,1.00,6159.00,143.00,95.0,,,,,,,,,,,,,,,
18:19:47,6:19:46 PM,13556.00,13557,1.0000,13559.0000,10.0000,7.00,6158.0000,6159.0000,1.00,6159.00,143.00,95.0,,,,,,,,,,,,,,,
18:19:46,6:19:46 PM,13556.00,13557,1.0000,13559.0000,10.0000,7.00,6158.0000,6159.0000,1.00,6159.00,143.00,95.0,,,,,,,,,,,,,,,
18:19:45,6:19:45 PM,13556.00,13557,1.0000,13559.0000,10.0000,7.00,6158.0000,6158.0000,9.00,6159.00,142.00,96.0,,,,,,,,,,,,,,,
18:19:44,6:19:44 PM,13556.00,13557,1.0000,13559.0000,10.0000,7.00,6158.0000,6158.0000,8.00,6159.00,143.00,96.0,,,,,,,,,,,,,,,
18:19:44,6:19:42 PM,13556.00,13557,1.0000,13559.0000,10.0000,7.00,6158.0000,6158.0000,8.00,6159.00,143.00,96.0,,,,,,,,,,,,,,,
18:19:42,6:19:42 PM,13556.00,13557,1.0000,13559.0000,10.0000,7.00,6158.0000,6158.0000,8.00,6159.00,144.00,96.0,,,,,,,,,,,,,,,
18:19:42,6:19:42 PM,13557.00,13559,1.0000,13559.0000,12.0000,5.00,6158.0000,6158.0000,8.00,6159.00,144.00,95.0,,,,,,,,,,,,,,,
18:19:40,6:19:40 PM,13557.00,13559,1.0000,13559.0000,12.0000,5.00,6159.0000,6159.0000,1.00,6160.00,130.00,122.0,,,,,,,,,,,,,,,
18:19:39,6:19:39 PM,13557.00,13559,1.0000,13559.0000,12.0000,5.00,6159.0000,6159.0000,1.00,6160.00,130.00,108.0,,,,,,,,,,,,,,,
18:19:38,6:19:38 PM,13557.00,13559,1.0000,13559.0000,12.0000,5.00,6159.0000,6159.0000,1.00,6160.00,130.00,107.0,,,,,,,,,,,,,,,
18:19:37,6:19:36 PM,13557.00,13559,1.0000,13559.0000,12.0000,5.00,6159.0000,6159.0000,1.00,6160.00,130.00,93.0,,,,,,,,,,,,,,,
18:19:36,6:19:36 PM,13557.00,13559,1.0000,13559.0000,12.0000,5.00,6159.0000,6159.0000,1.00,6160.00,130.00,93.0,,,,,,,,,,,,,,,
18:19:36,6:19:35 PM,13557.00,13559,1.0000,13559.0000,12.0000,5.00,6159.0000,6159.0000,1.00,6160.00,130.00,93.0,,,,,,,,,,,,,,,
18:19:34,6:19:34 PM,13557.00,13559,1.0000,13559.0000,12.0000,5.00,6159.0000,6159.0000,1.00,6160.00,130.00,93.0,,,,,,,,,,,,,,,
18:19:33,6:19:33 PM,13557.00,13559,1.0000,13559.0000,12.0000,5.00,6159.0000,6159.0000,1.00,6160.00,130.00,91.0,,,,,,,,,,,,,,,
18:19:33,6:19:32 PM,13557.00,13559,1.0000,13559.0000,12.0000,5.00,6159.0000,6159.0000,1.00,6160.00,130.00,91.0,,,,,,,,,,,,,,,
18:19:31,6:19:31 PM,13557.00,13559,1.0000,13559.0000,12.0000,5.00,6159.0000,6159.0000,1.00,6160.00,130.00,91.0,,,,,,,,,,,,,,,
18:19:30,6:19:30 PM,13557.00,13559,1.0000,13559.0000,12.0000,5.00,6159.0000,6159.0000,1.00,6160.00,130.00,93.0,,,,,,,,,,,,,,,
18:19:29,6:19:29 PM,13557.00,13559,1.0000,13559.0000,12.0000,5.00,6159.0000,6159.0000,1.00,6160.00,132.00,91.0,,,,,,,,,,,,,,,
18:19:28,6:19:28 PM,13557.00,13559,1.0000,13559.0000,12.0000,5.00,6159.0000,6159.0000,1.00,6160.00,141.00,91.0,,,,,,,,,,,,,,,
18:19:28,6:19:27 PM,13557.00,13559,1.0000,13559.0000,12.0000,5.00,6159.0000,6159.0000,1.00,6160.00,141.00,91.0,,,,,,,,,,,,,,,
18:19:26,6:19:26 PM,13557.00,13559,1.0000,13559.0000,12.0000,5.00,6159.0000,6159.0000,1.00,6160.00,141.00,91.0,,,,,,,,,,,,,,,
18:19:25,6:19:25 PM,13557.00,13559,1.0000,13559.0000,11.0000,5.00,6159.0000,6159.0000,1.00,6160.00,139.00,92.0,,,,,,,,,,,,,,,
18:19:24,6:19:24 PM,13557.00,13559,1.0000,13559.0000,11.0000,5.00,6159.0000,6159.0000,1.00,6160.00,139.00,92.0,,,,,,,,,,,,,,,
18:19:23,6:19:23 PM,13557.00,13559,1.0000,13559.0000,11.0000,5.00,6159.0000,6159.0000,1.00,6160.00,148.00,92.0,,,,,,,,,,,,,,,
18:19:23,6:19:22 PM,13557.00,13559,1.0000,13559.0000,11.0000,5.00,6159.0000,6159.0000,1.00,6160.00,148.00,92.0,,,,,,,,,,,,,,,
18:19:21,6:19:21 PM,13557.00,13559,1.0000,13559.0000,11.0000,5.00,6159.0000,6159.0000,1.00,6160.00,148.00,92.0,,,,,,,,,,,,,,,
18:19:20,6:19:19 PM,13557.00,13559,1.0000,13559.0000,11.0000,5.00,6159.0000,6159.0000,1.00,6160.00,147.00,92.0,,,,,,,,,,,,,,,
18:19:19,6:19:19 PM,13557.00,13559,1.0000,13559.0000,11.0000,5.00,6159.0000,6159.0000,1.00,6160.00,147.00,92.0,,,,,,,,,,,,,,,
18:19:19,6:19:18 PM,13557.00,13559,1.0000,13559.0000,11.0000,5.00,6159.0000,6159.0000,1.00,6160.00,147.00,92.0,,,,,,,,,,,,,,,
18:19:17,6:19:16 PM,13557.00,13559,1.0000,13559.0000,11.0000,5.00,6159.0000,6159.0000,1.00,6160.00,147.00,92.0,,,,,,,,,,,,,,,
18:19:16,6:19:16 PM,13557.00,13559,1.0000,13559.0000,11.0000,5.00,6159.0000,6160.0000,1.00,6160.00,148.00,91.0,,,,,,,,,,,,,,,
18:19:16,6:19:15 PM,13557.00,13559,1.0000,13559.0000,11.0000,5.00,6159.0000,6160.0000,1.00,6160.00,148.00,90.0,,,,,,,,,,,,,,,
18:19:14,6:19:13 PM,13557.00,13559,1.0000,13559.0000,11.0000,5.00,6159.0000,6160.0000,1.00,6160.00,148.00,90.0,,,,,,,,,,,,,,,
18:19:13,6:19:13 PM,13557.00,13559,1.0000,13559.0000,11.0000,5.00,6159.0000,6160.0000,1.00,6160.00,148.00,90.0,,,,,,,,,,,,,,,
18:19:13,6:19:12 PM,13557.00,13559,1.0000,13559.0000,11.0000,5.00,6159.0000,6160.0000,1.00,6160.00,148.00,90.0,,,,,,,,,,,,,,,
18:19:11,6:19:11 PM,13557.00,13559,1.0000,13559.0000,11.0000,5.00,6159.0000,6160.0000,1.00,6160.00,148.00,89.0,,,,,,,,,,,,,,,
18:19:10,6:19:10 PM,13557.00,13559,1.0000,13559.0000,10.0000,5.00,6159.0000,6159.0000,15.00,6160.00,143.00,94.0,,,,,,,,,,,,,,,
18:19:09,6:19:09 PM,13558.00,13559,1.0000,13560.0000,17.0000,7.00,6159.0000,6159.0000,4.00,6160.00,156.00,90.0,,,,,,,,,,,,,,,
18:19:08,6:19:08 PM,13558.00,13559,1.0000,13560.0000,17.0000,7.00,6159.0000,6159.0000,4.00,6160.00,154.00,90.0,,,,,,,,,,,,,,,
18:19:07,6:19:07 PM,13558.00,13559,1.0000,13560.0000,17.0000,7.00,6159.0000,6159.0000,4.00,6160.00,154.00,90.0,,,,,,,,,,,,,,,
18:19:06,6:19:06 PM,13558.00,13559,1.0000,13560.0000,17.0000,7.00,6159.0000,6159.0000,4.00,6160.00,154.00,90.0,,,,,,,,,,,,,,,
18:19:05,6:19:05 PM,13559.00,13560,1.0000,13560.0000,11.0000,6.00,6160.0000,6160.0000,24.00,6161.00,130.00,92.0,,,,,,,,,,,,,,,
18:19:04,6:19:04 PM,13559.00,13560,1.0000,13560.0000,11.0000,4.00,6160.0000,6160.0000,24.00,6161.00,129.00,91.0,,,,,,,,,,,,,,,
18:19:03,6:19:03 PM,13558.00,13559,1.0000,13560.0000,17.0000,6.00,6159.0000,6159.0000,1.00,6160.00,152.00,94.0,,,,,,,,,,,,,,,
18:19:02,6:19:02 PM,13558.00,13559,1.0000,13560.0000,17.0000,6.00,6159.0000,6159.0000,1.00,6160.00,141.00,97.0,,,,,,,,,,,,,,,
18:19:01,6:19:01 PM,13558.00,13559,1.0000,13560.0000,12.0000,6.00,6159.0000,6159.0000,1.00,6160.00,141.00,97.0,,,,,,,,,,,,,,,
18:19:00,6:19:00 PM,13558.00,13559,1.0000,13560.0000,12.0000,6.00,6159.0000,6159.0000,1.00,6160.00,132.00,97.0,,,,,,,,,,,,,,,
18:18:59,6:18:59 PM,13558.00,13559,1.0000,13560.0000,12.0000,6.00,6159.0000,6160.0000,54.00,6160.00,125.00,102.0,,,,,,,,,,,,,,,
18:18:59,6:18:58 PM,13558.00,13559,1.0000,13560.0000,12.0000,6.00,6159.0000,6160.0000,54.00,6160.00,125.00,102.0,,,,,,,,,,,,,,,
18:18:57,6:18:57 PM,13558.00,13559,1.0000,13560.0000,12.0000,6.00,6159.0000,6160.0000,54.00,6160.00,125.00,102.0,,,,,,,,,,,,,,,
18:18:56,6:18:56 PM,13560.00,13560,1.0000,13562.0000,12.0000,3.00,6160.0000,6160.0000,40.00,6161.00,100.00,116.0,,,,,,,,,,,,,,,
18:18:56,6:18:56 PM,13559.00,13560,1.0000,13562.0000,10.0000,3.00,6160.0000,6160.0000,40.00,6161.00,100.00,116.0,,,,,,,,,,,,,,,
18:18:54,6:18:53 PM,13559.00,13560,1.0000,13562.0000,10.0000,3.00,6160.0000,6160.0000,40.00,6161.00,94.00,119.0,,,,,,,,,,,,,,,
18:18:53,6:18:53 PM,13559.00,13560,1.0000,13562.0000,9.0000,4.00,6159.0000,6160.0000,40.00,6161.00,133.00,120.0,,,,,,,,,,,,,,,
18:18:52,6:18:52 PM,13559.00,13560,1.0000,13562.0000,10.0000,4.00,6159.0000,6160.0000,38.00,6160.00,124.00,73.0,,,,,,,,,,,,,,,
18:18:51,6:18:50 PM,13559.00,13560,1.0000,13560.0000,9.0000,4.00,6159.0000,6160.0000,27.00,6160.00,107.00,80.0,,,,,,,,,,,,,,,
18:18:50,6:18:50 PM,13559.00,13560,1.0000,13560.0000,9.0000,4.00,6159.0000,6160.0000,27.00,6160.00,107.00,80.0,,,,,,,,,,,,,,,
18:18:49,6:18:49 PM,13559.00,13560,1.0000,13560.0000,9.0000,4.00,6159.0000,6160.0000,27.00,6160.00,107.00,80.0,,,,,,,,,,,,,,,
18:18:48,6:18:48 PM,13559.00,13560,1.0000,13560.0000,9.0000,4.00,6159.0000,6160.0000,27.00,6160.00,91.00,80.0,,,,,,,,,,,,,,,
18:18:47,6:18:47 PM,13559.00,13560,1.0000,13560.0000,9.0000,5.00,6159.0000,6160.0000,26.00,6160.00,91.00,81.0,,,,,,,,,,,,,,,
18:18:47,6:18:47 PM,13559.00,13560,1.0000,13560.0000,9.0000,5.00,6159.0000,6160.0000,26.00,6160.00,82.00,84.0,,,,,,,,,,,,,,,
18:18:45,6:18:45 PM,13559.00,13560,1.0000,13560.0000,9.0000,5.00,6159.0000,6160.0000,26.00,6160.00,73.00,84.0,,,,,,,,,,,,,,,
18:18:44,6:18:44 PM,13559.00,13560,1.0000,13560.0000,9.0000,5.00,6159.0000,6160.0000,26.00,6160.00,73.00,84.0,,,,,,,,,,,,,,,
18:18:44,6:18:43 PM,13559.00,13560,1.0000,13560.0000,9.0000,5.00,6159.0000,6160.0000,26.00,6160.00,73.00,84.0,,,,,,,,,,,,,,,
18:18:42,6:18:41 PM,13559.00,13560,1.0000,13560.0000,9.0000,5.00,6159.0000,6160.0000,26.00,6160.00,73.00,84.0,,,,,,,,,,,,,,,
18:18:41,6:18:41 PM,13559.00,13560,1.0000,13560.0000,9.0000,5.00,6159.0000,6160.0000,26.00,6160.00,73.00,84.0,,,,,,,,,,,,,,,
18:18:41,6:18:40 PM,13559.00,13560,1.0000,13560.0000,9.0000,5.00,6159.0000,6160.0000,26.00,6160.00,73.00,84.0,,,,,,,,,,,,,,,
18:18:39,6:18:38 PM,13559.00,13560,1.0000,13560.0000,9.0000,5.00,6159.0000,6160.0000,26.00,6160.00,73.00,84.0,,,,,,,,,,,,,,,
18:18:38,6:18:37 PM,13559.00,13560,1.0000,13560.0000,9.0000,5.00,6159.0000,6160.0000,26.00,6160.00,73.00,84.0,,,,,,,,,,,,,,,
18:18:37,6:18:36 PM,13559.00,13561,1.0000,13560.0000,9.0000,5.00,6159.0000,6160.0000,26.00,6160.00,73.00,84.0,,,,,,,,,,,,,,,
18:18:35,6:18:35 PM,13559.00,13561,1.0000,13560.0000,9.0000,5.00,6159.0000,6160.0000,26.00,6160.00,73.00,82.0,,,,,,,,,,,,,,,
18:18:34,6:18:34 PM,13559.00,13561,1.0000,13560.0000,9.0000,5.00,6159.0000,6160.0000,26.00,6160.00,72.00,83.0,,,,,,,,,,,,,,,
18:18:33,6:18:32 PM,13557.00,13560,1.0000,13560.0000,13.0000,6.00,6159.0000,6160.0000,1.00,6160.00,87.00,87.0,,,,,,,,,,,,,,,
18:18:32,6:18:32 PM,13557.00,13560,1.0000,13560.0000,13.0000,6.00,6159.0000,6160.0000,1.00,6160.00,87.00,88.0,,,,,,,,,,,,,,,
18:18:32,6:18:31 PM,13557.00,13560,1.0000,13560.0000,13.0000,6.00,6159.0000,6160.0000,1.00,6160.00,87.00,88.0,,,,,,,,,,,,,,,
18:18:30,6:18:30 PM,13557.00,13560,1.0000,13560.0000,13.0000,7.00,6159.0000,6160.0000,1.00,6160.00,87.00,89.0,,,,,,,,,,,,,,,
18:18:29,6:18:29 PM,13557.00,13560,1.0000,13560.0000,11.0000,9.00,6158.0000,6159.0000,13.00,6159.00,123.00,58.0,,,,,,,,,,,,,,,
18:18:28,6:18:28 PM,13557.00,13560,1.0000,13560.0000,13.0000,7.00,6158.0000,6159.0000,13.00,6160.00,124.00,96.0,,,,,,,,,,,,,,,
18:18:27,6:18:27 PM,13557.00,13560,1.0000,13560.0000,11.0000,7.00,6159.0000,6159.0000,13.00,6160.00,81.00,96.0,,,,,,,,,,,,,,,
18:18:27,6:18:26 PM,13557.00,13560,1.0000,13560.0000,11.0000,7.00,6158.0000,6159.0000,13.00,6160.00,123.00,96.0,,,,,,,,,,,,,,,
18:18:25,6:18:25 PM,13557.00,13560,1.0000,13560.0000,11.0000,7.00,6158.0000,6159.0000,13.00,6160.00,123.00,96.0,,,,,,,,,,,,,,,
18:18:24,6:18:23 PM,13557.00,13560,1.0000,13560.0000,11.0000,7.00,6158.0000,6159.0000,12.00,6159.00,122.00,57.0,,,,,,,,,,,,,,,
18:18:23,6:18:23 PM,13557.00,13560,1.0000,13560.0000,11.0000,7.00,6158.0000,6159.0000,12.00,6159.00,122.00,57.0,,,,,,,,,,,,,,,
18:18:22,6:18:21 PM,13557.00,13560,1.0000,13560.0000,11.0000,7.00,6158.0000,6159.0000,12.00,6160.00,123.00,95.0,,,,,,,,,,,,,,,
18:18:20,6:18:20 PM,13557.00,13560,1.0000,13560.0000,11.0000,7.00,6158.0000,6159.0000,12.00,6160.00,123.00,95.0,,,,,,,,,,,,,,,
18:18:19,6:18:19 PM,13557.00,13560,1.0000,13560.0000,11.0000,5.00,6158.0000,6159.0000,11.00,6159.00,116.00,60.0,,,,,,,,,,,,,,,
18:18:18,6:18:18 PM,13557.00,13560,1.0000,13560.0000,13.0000,6.00,6158.0000,6159.0000,11.00,6159.00,116.00,61.0,,,,,,,,,,,,,,,
18:18:17,6:18:17 PM,13557.00,13560,1.0000,13560.0000,13.0000,5.00,6158.0000,6159.0000,11.00,6160.00,121.00,94.0,,,,,,,,,,,,,,,
18:18:16,6:18:16 PM,13557.00,13558,1.0000,13560.0000,6.0000,7.00,6158.0000,6158.0000,21.00,6159.00,111.00,62.0,,,,,,,,,,,,,,,
18:18:15,6:18:15 PM,13557.00,13558,1.0000,13560.0000,6.0000,8.00,6158.0000,6158.0000,21.00,6159.00,99.00,69.0,,,,,,,,,,,,,,,
18:18:15,6:18:14 PM,13556.00,13558,1.0000,13559.0000,7.0000,10.00,6157.0000,6158.0000,3.00,6158.00,78.00,75.0,,,,,,,,,,,,,,,
18:18:13,6:18:12 PM,13556.00,13558,1.0000,13559.0000,7.0000,10.00,6157.0000,6158.0000,3.00,6158.00,78.00,75.0,,,,,,,,,,,,,,,
18:18:12,6:18:12 PM,13556.00,13558,1.0000,13559.0000,7.0000,10.00,6157.0000,6158.0000,3.00,6158.00,78.00,75.0,,,,,,,,,,,,,,,
18:18:11,6:18:10 PM,13556.00,13558,1.0000,13559.0000,7.0000,10.00,6157.0000,6158.0000,3.00,6158.00,78.00,75.0,,,,,,,,,,,,,,,
18:18:10,6:18:10 PM,13556.00,13558,1.0000,13559.0000,6.0000,10.00,6157.0000,6158.0000,2.00,6158.00,77.00,76.0,,,,,,,,,,,,,,,
18:18:09,6:18:09 PM,13556.00,13558,1.0000,13559.0000,6.0000,10.00,6157.0000,6158.0000,2.00,6158.00,78.00,76.0,,,,,,,,,,,,,,,
18:18:09,6:18:08 PM,13556.00,13558,1.0000,13559.0000,6.0000,10.00,6157.0000,6158.0000,2.00,6158.00,78.00,76.0,,,,,,,,,,,,,,,
18:18:07,6:18:06 PM,13556.00,13558,1.0000,13559.0000,6.0000,10.00,6157.0000,6158.0000,2.00,6158.00,78.00,76.0,,,,,,,,,,,,,,,
18:18:06,6:18:06 PM,13556.00,13558,1.0000,13559.0000,6.0000,10.00,6157.0000,6158.0000,2.00,6158.00,78.00,80.0,,,,,,,,,,,,,,,
18:18:06,6:18:04 PM,13556.00,13558,1.0000,13558.0000,6.0000,8.00,6157.0000,6158.0000,2.00,6158.00,78.00,80.0,,,,,,,,,,,,,,,
18:18:04,6:18:04 PM,13556.00,13558,1.0000,13558.0000,6.0000,8.00,6157.0000,6158.0000,2.00,6158.00,78.00,80.0,,,,,,,,,,,,,,,
18:18:03,6:18:02 PM,13556.00,13558,1.0000,13558.0000,6.0000,8.00,6157.0000,6158.0000,2.00,6158.00,78.00,80.0,,,,,,,,,,,,,,,
18:18:02,6:18:02 PM,13556.00,13558,1.0000,13558.0000,6.0000,8.00,6157.0000,6158.0000,2.00,6158.00,78.00,80.0,,,,,,,,,,,,,,,
18:18:01,6:18:00 PM,13556.00,13558,1.0000,13558.0000,6.0000,8.00,6157.0000,6158.0000,2.00,6158.00,78.00,80.0,,,,,,,,,,,,,,,
18:18:00,6:18:00 PM,13556.00,13558,1.0000,13558.0000,6.0000,8.00,6157.0000,6158.0000,2.00,6158.00,78.00,80.0,,,,,,,,,,,,,,,
18:18:00,6:17:58 PM,13556.00,13558,1.0000,13558.0000,6.0000,8.00,6157.0000,6158.0000,2.00,6158.00,78.00,80.0,,,,,,,,,,,,,,,
18:17:58,6:17:58 PM,13556.00,13558,1.0000,13558.0000,6.0000,8.00,6157.0000,6158.0000,2.00,6158.00,78.00,80.0,,,,,,,,,,,,,,,
18:17:57,6:17:57 PM,13556.00,13558,1.0000,13558.0000,6.0000,8.00,6157.0000,6158.0000,2.00,6158.00,78.00,80.0,,,,,,,,,,,,,,,
18:17:57,6:17:56 PM,13556.00,13558,1.0000,13558.0000,6.0000,8.00,6157.0000,6158.0000,2.00,6158.00,78.00,80.0,,,,,,,,,,,,,,,
18:17:55,6:17:54 PM,13556.00,13558,1.0000,13558.0000,6.0000,8.00,6157.0000,6158.0000,2.00,6158.00,78.00,80.0,,,,,,,,,,,,,,,
18:17:54,6:17:54 PM,13556.00,13558,1.0000,13558.0000,6.0000,8.00,6157.0000,6158.0000,2.00,6158.00,78.00,80.0,,,,,,,,,,,,,,,
18:17:54,6:17:53 PM,13556.00,13558,1.0000,13558.0000,6.0000,8.00,6157.0000,6158.0000,2.00,6158.00,78.00,80.0,,,,,,,,,,,,,,,
18:17:52,6:17:51 PM,13556.00,13558,1.0000,13558.0000,6.0000,8.00,6157.0000,6158.0000,2.00,6158.00,78.00,80.0,,,,,,,,,,,,,,,
18:17:51,6:17:51 PM,13556.00,13558,1.0000,13558.0000,6.0000,8.00,6157.0000,6158.0000,2.00,6158.00,78.00,80.0,,,,,,,,,,,,,,,
18:17:50,6:17:50 PM,13556.00,13558,1.0000,13558.0000,6.0000,8.00,6157.0000,6158.0000,1.00,6158.00,79.00,81.0,,,,,,,,,,,,,,,
18:17:49,6:17:49 PM,13556.00,13558,1.0000,13558.0000,6.0000,8.00,6157.0000,6158.0000,1.00,6158.00,78.00,81.0,,,,,,,,,,,,,,,
18:17:48,6:17:48 PM,13556.00,13558,1.0000,13558.0000,6.0000,8.00,6157.0000,6158.0000,1.00,6158.00,77.00,82.0,,,,,,,,,,,,,,,
18:17:47,6:17:46 PM,13556.00,13558,1.0000,13558.0000,6.0000,8.00,6157.0000,6158.0000,1.00,6158.00,76.00,81.0,,,,,,,,,,,,,,,
18:17:45,6:17:45 PM,13556.00,13558,1.0000,13558.0000,6.0000,8.00,6157.0000,6158.0000,1.00,6158.00,76.00,81.0,,,,,,,,,,,,,,,
18:17:44,6:17:44 PM,13556.00,13558,1.0000,13558.0000,6.0000,8.00,6157.0000,6158.0000,1.00,6158.00,76.00,82.0,,,,,,,,,,,,,,,
18:17:44,6:17:43 PM,13556.00,13558,1.0000,13558.0000,6.0000,8.00,6157.0000,6158.0000,1.00,6158.00,76.00,82.0,,,,,,,,,,,,,,,
18:17:42,6:17:41 PM,13556.00,13558,1.0000,13558.0000,6.0000,8.00,6157.0000,6158.0000,1.00,6158.00,76.00,82.0,,,,,,,,,,,,,,,
18:17:41,6:17:41 PM,13556.00,13558,1.0000,13558.0000,6.0000,8.00,6157.0000,6158.0000,1.00,6158.00,76.00,82.0,,,,,,,,,,,,,,,
18:17:40,6:17:39 PM,13556.00,13558,1.0000,13558.0000,6.0000,8.00,6157.0000,6158.0000,1.00,6158.00,76.00,82.0,,,,,,,,,,,,,,,
18:17:39,6:17:39 PM,13556.00,13558,1.0000,13558.0000,6.0000,8.00,6157.0000,6158.0000,1.00,6158.00,76.00,82.0,,,,,,,,,,,,,,,
18:17:38,6:17:38 PM,13556.00,13558,1.0000,13558.0000,6.0000,8.00,6157.0000,6158.0000,1.00,6158.00,76.00,81.0,,,,,,,,,,,,,,,
18:17:37,6:17:37 PM,13556.00,13558,1.0000,13558.0000,5.0000,8.00,6157.0000,6158.0000,1.00,6158.00,77.00,81.0,,,,,,,,,,,,,,,
18:17:36,6:17:35 PM,13556.00,13558,1.0000,13558.0000,6.0000,8.00,6157.0000,6158.0000,1.00,6158.00,77.00,81.0,,,,,,,,,,,,,,,
18:17:35,6:17:35 PM,13556.00,13558,1.0000,13558.0000,6.0000,8.00,6157.0000,6158.0000,1.00,6158.00,70.00,81.0,,,,,,,,,,,,,,,
18:17:34,6:17:34 PM,13554.00,13558,1.0000,13558.0000,10.0000,8.00,6157.0000,6158.0000,1.00,6158.00,70.00,81.0,,,,,,,,,,,,,,,
18:17:34,6:17:33 PM,13554.00,13558,1.0000,13558.0000,10.0000,8.00,6157.0000,6158.0000,1.00,6158.00,70.00,81.0,,,,,,,,,,,,,,,
18:17:32,6:17:31 PM,13554.00,13558,1.0000,13558.0000,10.0000,8.00,6157.0000,6158.0000,1.00,6158.00,70.00,81.0,,,,,,,,,,,,,,,
18:17:31,6:17:31 PM,13554.00,13558,1.0000,13558.0000,10.0000,8.00,6157.0000,6158.0000,1.00,6158.00,70.00,81.0,,,,,,,,,,,,,,,
18:17:30,6:17:29 PM,13554.00,13558,1.0000,13558.0000,10.0000,8.00,6157.0000,6158.0000,1.00,6158.00,70.00,81.0,,,,,,,,,,,,,,,
18:17:29,6:17:28 PM,13554.00,13558,1.0000,13558.0000,10.0000,8.00,6157.0000,6158.0000,1.00,6158.00,70.00,78.0,,,,,,,,,,,,,,,
18:17:28,6:17:28 PM,13554.00,13558,1.0000,13558.0000,10.0000,8.00,6157.0000,6158.0000,1.00,6158.00,70.00,78.0,,,,,,,,,,,,,,,
18:17:28,6:17:27 PM,13554.00,13558,1.0000,13558.0000,10.0000,8.00,6157.0000,6158.0000,1.00,6158.00,70.00,78.0,,,,,,,,,,,,,,,
18:17:26,6:17:26 PM,13554.00,13558,1.0000,13558.0000,10.0000,8.00,6157.0000,6158.0000,1.00,6158.00,70.00,78.0,,,,,,,,,,,,,,,
18:17:25,6:17:24 PM,13554.00,13558,1.0000,13558.0000,10.0000,8.00,6157.0000,6158.0000,1.00,6158.00,70.00,78.0,,,,,,,,,,,,,,,
18:17:24,6:17:24 PM,13554.00,13558,1.0000,13558.0000,10.0000,8.00,6157.0000,6158.0000,1.00,6158.00,70.00,84.0,,,,,,,,,,,,,,,
18:17:24,6:17:22 PM,13554.00,13558,1.0000,13558.0000,10.0000,8.00,6157.0000,6157.0000,11.00,6158.00,70.00,86.0,,,,,,,,,,,,,,,
18:17:22,6:17:22 PM,13554.00,13558,1.0000,13558.0000,10.0000,8.00,6157.0000,6157.0000,11.00,6158.00,70.00,86.0,,,,,,,,,,,,,,,
18:17:22,6:17:21 PM,13554.00,13558,1.0000,13558.0000,10.0000,8.00,6157.0000,6157.0000,11.00,6158.00,70.00,86.0,,,,,,,,,,,,,,,
18:17:20,6:17:19 PM,13554.00,13558,1.0000,13558.0000,10.0000,8.00,6157.0000,6157.0000,11.00,6158.00,70.00,86.0,,,,,,,,,,,,,,,
18:17:19,6:17:19 PM,13554.00,13558,1.0000,13558.0000,10.0000,8.00,6157.0000,6157.0000,11.00,6158.00,70.00,86.0,,,,,,,,,,,,,,,
18:17:19,6:17:18 PM,13554.00,13558,1.0000,13558.0000,10.0000,8.00,6157.0000,6157.0000,11.00,6158.00,70.00,86.0,,,,,,,,,,,,,,,
18:17:17,6:17:17 PM,13554.00,13558,1.0000,13558.0000,10.0000,8.00,6157.0000,6157.0000,11.00,6158.00,70.00,86.0,,,,,,,,,,,,,,,
18:17:16,6:17:16 PM,13554.00,13555,3.0000,13558.0000,10.0000,10.00,6157.0000,6157.0000,11.00,6158.00,60.00,93.0,,,,,,,,,,,,,,,
18:17:15,6:17:14 PM,13554.00,13555,3.0000,13558.0000,10.0000,10.00,6157.0000,6157.0000,11.00,6158.00,60.00,93.0,,,,,,,,,,,,,,,
18:17:14,6:17:14 PM,13554.00,13555,3.0000,13558.0000,10.0000,10.00,6157.0000,6157.0000,11.00,6158.00,60.00,93.0,,,,,,,,,,,,,,,
18:17:14,6:17:12 PM,13554.00,13555,3.0000,13558.0000,10.0000,10.00,6157.0000,6157.0000,11.00,6158.00,60.00,93.0,,,,,,,,,,,,,,,
18:17:12,6:17:12 PM,13554.00,13555,3.0000,13558.0000,10.0000,10.00,6157.0000,6157.0000,11.00,6158.00,60.00,93.0,,,,,,,,,,,,,,,
18:17:12,6:17:11 PM,13554.00,13555,3.0000,13558.0000,10.0000,10.00,6157.0000,6157.0000,11.00,6158.00,60.00,93.0,,,,,,,,,,,,,,,
18:17:10,6:17:09 PM,13554.00,13555,3.0000,13558.0000,10.0000,10.00,6157.0000,6157.0000,11.00,6158.00,61.00,93.0,,,,,,,,,,,,,,,
18:17:09,6:17:09 PM,13554.00,13555,3.0000,13558.0000,10.0000,10.00,6157.0000,6157.0000,11.00,6158.00,61.00,93.0,,,,,,,,,,,,,,,
18:17:09,6:17:08 PM,13554.00,13555,3.0000,13558.0000,10.0000,10.00,6157.0000,6157.0000,11.00,6158.00,60.00,93.0,,,,,,,,,,,,,,,
18:17:07,6:17:07 PM,13554.00,13555,3.0000,13558.0000,10.0000,10.00,6157.0000,6157.0000,11.00,6158.00,61.00,93.0,,,,,,,,,,,,,,,
18:17:06,6:17:06 PM,13554.00,13555,3.0000,13558.0000,10.0000,10.00,6157.0000,6157.0000,11.00,6158.00,66.00,92.0,,,,,,,,,,,,,,,
18:17:06,6:17:05 PM,13554.00,13555,3.0000,13558.0000,10.0000,10.00,6157.0000,6157.0000,11.00,6158.00,66.00,92.0,,,,,,,,,,,,,,,
18:17:04,6:17:04 PM,13554.00,13555,3.0000,13558.0000,10.0000,10.00,6157.0000,6157.0000,11.00,6158.00,66.00,92.0,,,,,,,,,,,,,,,
18:17:03,6:17:03 PM,13554.00,13555,3.0000,13558.0000,10.0000,10.00,6157.0000,6157.0000,11.00,6158.00,66.00,91.0,,,,,,,,,,,,,,,
18:17:02,6:17:02 PM,13554.00,13555,3.0000,13558.0000,10.0000,10.00,6157.0000,6157.0000,11.00,6158.00,64.00,91.0,,,,,,,,,,,,,,,
18:17:01,6:17:01 PM,13554.00,13555,3.0000,13558.0000,10.0000,10.00,6157.0000,6157.0000,11.00,6158.00,64.00,91.0,,,,,,,,,,,,,,,
18:17:01,6:17:00 PM,13554.00,13555,3.0000,13558.0000,10.0000,10.00,6157.0000,6157.0000,11.00,6158.00,64.00,91.0,,,,,,,,,,,,,,,
18:16:59,6:16:58 PM,13554.00,13555,3.0000,13558.0000,10.0000,10.00,6157.0000,6157.0000,11.00,6158.00,64.00,91.0,,,,,,,,,,,,,,,
18:16:58,6:16:58 PM,13554.00,13555,3.0000,13558.0000,10.0000,10.00,6157.0000,6157.0000,11.00,6158.00,64.00,91.0,,,,,,,,,,,,,,,
18:16:58,6:16:57 PM,13554.00,13555,3.0000,13558.0000,10.0000,10.00,6157.0000,6157.0000,11.00,6158.00,64.00,90.0,,,,,,,,,,,,,,,
18:16:56,6:16:56 PM,13554.00,13555,3.0000,13558.0000,10.0000,10.00,6157.0000,6157.0000,11.00,6158.00,64.00,90.0,,,,,,,,,,,,,,,
18:16:55,6:16:55 PM,13554.00,13555,3.0000,13558.0000,6.0000,10.00,6157.0000,6157.0000,11.00,6158.00,64.00,90.0,,,,,,,,,,,,,,,
18:16:55,6:16:54 PM,13554.00,13555,3.0000,13558.0000,6.0000,10.00,6157.0000,6157.0000,11.00,6158.00,62.00,91.0,,,,,,,,,,,,,,,
18:16:53,6:16:53 PM,13554.00,13555,3.0000,13558.0000,6.0000,10.00,6157.0000,6157.0000,11.00,6158.00,61.00,91.0,,,,,,,,,,,,,,,
18:16:52,6:16:52 PM,13552.00,13555,3.0000,13556.0000,10.0000,5.00,6156.0000,6157.0000,5.00,6157.00,68.00,75.0,,,,,,,,,,,,,,,
18:16:52,6:16:51 PM,13552.00,13555,3.0000,13556.0000,10.0000,5.00,6156.0000,6157.0000,5.00,6157.00,68.00,75.0,,,,,,,,,,,,,,,
18:16:50,6:16:49 PM,13552.00,13555,3.0000,13556.0000,10.0000,5.00,6156.0000,6157.0000,5.00,6157.00,68.00,75.0,,,,,,,,,,,,,,,
18:16:49,6:16:49 PM,13552.00,13555,3.0000,13556.0000,10.0000,5.00,6156.0000,6157.0000,5.00,6157.00,68.00,75.0,,,,,,,,,,,,,,,
18:16:48,6:16:47 PM,13552.00,13555,3.0000,13555.0000,10.0000,3.00,6156.0000,6157.0000,5.00,6157.00,70.00,76.0,,,,,,,,,,,,,,,
18:16:47,6:16:47 PM,13552.00,13555,3.0000,13555.0000,10.0000,3.00,6156.0000,6157.0000,5.00,6157.00,70.00,76.0,,,,,,,,,,,,,,,
18:16:47,6:16:46 PM,13552.00,13555,3.0000,13555.0000,10.0000,3.00,6156.0000,6157.0000,5.00,6157.00,70.00,76.0,,,,,,,,,,,,,,,
18:16:45,6:16:45 PM,13552.00,13555,3.0000,13555.0000,9.0000,4.00,6156.0000,6156.0000,9.00,6157.00,64.00,84.0,,,,,,,,,,,,,,,
18:16:44,6:16:44 PM,13552.00,13555,3.0000,13555.0000,9.0000,4.00,6156.0000,6156.0000,9.00,6157.00,62.00,91.0,,,,,,,,,,,,,,,
18:16:43,6:16:43 PM,13552.00,13555,3.0000,13555.0000,9.0000,4.00,6156.0000,6156.0000,9.00,6157.00,60.00,93.0,,,,,,,,,,,,,,,
18:16:42,6:16:41 PM,13552.00,13553,1.0000,13554.0000,9.0000,5.00,6156.0000,6156.0000,9.00,6157.00,58.00,95.0,,,,,,,,,,,,,,,
18:16:41,6:16:41 PM,13552.00,13553,1.0000,13554.0000,9.0000,5.00,6156.0000,6156.0000,9.00,6157.00,58.00,95.0,,,,,,,,,,,,,,,
18:16:40,6:16:39 PM,13552.00,13553,1.0000,13554.0000,9.0000,5.00,6156.0000,6156.0000,9.00,6157.00,58.00,95.0,,,,,,,,,,,,,,,
18:16:39,6:16:39 PM,13552.00,13553,1.0000,13554.0000,9.0000,5.00,6156.0000,6156.0000,9.00,6157.00,58.00,95.0,,,,,,,,,,,,,,,
18:16:38,6:16:38 PM,13552.00,13553,1.0000,13555.0000,9.0000,6.00,6156.0000,6156.0000,9.00,6157.00,62.00,84.0,,,,,,,,,,,,,,,
18:16:37,6:16:37 PM,13551.00,13553,4.0000,13553.0000,7.0000,6.00,6155.0000,6156.0000,6.00,6156.00,70.00,81.0,,,,,,,,,,,,,,,
18:16:37,6:16:35 PM,13551.00,13553,4.0000,13553.0000,7.0000,6.00,6155.0000,6156.0000,6.00,6156.00,70.00,81.0,,,,,,,,,,,,,,,
18:16:35,6:16:35 PM,13551.00,13553,4.0000,13553.0000,7.0000,6.00,6155.0000,6156.0000,6.00,6156.00,70.00,81.0,,,,,,,,,,,,,,,
18:16:35,6:16:34 PM,13551.00,13553,4.0000,13553.0000,7.0000,6.00,6155.0000,6156.0000,6.00,6156.00,70.00,81.0,,,,,,,,,,,,,,,
18:16:33,6:16:32 PM,13551.00,13553,4.0000,13553.0000,7.0000,5.00,6155.0000,6156.0000,6.00,6157.00,71.00,101.0,,,,,,,,,,,,,,,
18:16:32,6:16:32 PM,13551.00,13553,4.0000,13553.0000,7.0000,5.00,6155.0000,6156.0000,6.00,6157.00,71.00,101.0,,,,,,,,,,,,,,,
18:16:31,6:16:30 PM,13551.00,13553,4.0000,13553.0000,7.0000,6.00,6155.0000,6156.0000,6.00,6156.00,69.00,81.0,,,,,,,,,,,,,,,
18:16:29,6:16:29 PM,13551.00,13553,4.0000,13553.0000,7.0000,6.00,6155.0000,6156.0000,6.00,6156.00,69.00,81.0,,,,,,,,,,,,,,,
