TIME,Last Time and Sales,CA Bid,CA LTP,CA LTQ,CA Ask,CA Bid Qty,CA Ask Qty,HG Bid,HG LTP,HG LTQ,HG Ask,HG Bid Qty,HG Ask Qty,TF,CHINA,USD JPY,CNY JPY,,,,,,,,,,,
18:07:50,6:07:44 PM,13330.00,13331,1.0000,13332.0000,15.0000,6.00,6043.0000,6044.0000,1.00,6044.00,65.00,65.0,,,,,,,Last Time and Sales,CA Bid,CA LTP,CA LTQ,CA Ask,CA Bid Qty,CA Ask Qty,HG Bid,
18:07:44,6:07:44 PM,13330.00,13331,1.0000,13332.0000,15.0000,6.00,6043.0000,6044.0000,1.00,6044.00,65.00,65.0,,,,,,,13328.00,43074.76,1.00,13338.00,4.00,13340.00,6042.00,18.00,
18:07:43,6:07:43 PM,13330.00,13331,1.0000,13332.0000,15.0000,6.00,6043.0000,6044.0000,1.00,6044.00,66.00,65.0,,,,,,,,,,,,,,,
18:07:42,6:07:40 PM,13330.00,13331,1.0000,13332.0000,15.0000,7.00,6043.0000,6043.0000,10.00,6044.00,62.00,69.0,,,,,,,13329.00,43074.76,1.00,13338.00,5.00,13340.00,6042.00,18.00,
18:07:40,6:07:40 PM,13330.00,13331,1.0000,13332.0000,15.0000,7.00,6043.0000,6043.0000,10.00,6044.00,62.00,69.0,,,,,,,,,,,,,,,
18:07:39,6:07:38 PM,13331.00,13331,1.0000,13332.0000,13.0000,4.00,6043.0000,6043.0000,35.00,6044.00,72.00,59.0,,,,,,,HG LTP,HG LTQ,HG Ask,HG Bid Qty,,,,,
18:07:38,6:07:38 PM,13331.00,13331,1.0000,13332.0000,13.0000,4.00,6043.0000,6043.0000,35.00,6044.00,72.00,59.0,,,,,,,6042.00,72.00,6043.00,131.00,,,,,
18:07:37,6:07:36 PM,13331.00,13331,1.0000,13332.0000,13.0000,4.00,6043.0000,6043.0000,35.00,6044.00,72.00,59.0,,,,,,,,,,,,,,,
18:07:36,6:07:35 PM,13331.00,13331,1.0000,13332.0000,13.0000,4.00,6043.0000,6043.0000,35.00,6044.00,72.00,59.0,,,,,,,,,,,,,,,
18:07:35,6:07:35 PM,13331.00,13331,1.0000,13332.0000,13.0000,4.00,6043.0000,6043.0000,35.00,6044.00,72.00,59.0,,,,,,,,,,,,,,,
18:07:34,6:07:33 PM,13331.00,13331,1.0000,13332.0000,13.0000,4.00,6043.0000,6043.0000,35.00,6044.00,72.00,59.0,,,,,,,,,,,,,,,
18:07:33,6:07:32 PM,13331.00,13331,1.0000,13332.0000,13.0000,4.00,6043.0000,6043.0000,35.00,6044.00,72.00,59.0,,,,,,,,,,,,,,,
18:07:32,6:07:31 PM,13331.00,13331,1.0000,13332.0000,13.0000,4.00,6043.0000,6043.0000,35.00,6044.00,72.00,59.0,,,,,,,,,,,,,,,
18:07:31,6:07:31 PM,13331.00,13331,1.0000,13332.0000,13.0000,4.00,6043.0000,6043.0000,35.00,6044.00,72.00,59.0,,,,,,,,,,,,,,,
18:07:30,6:07:30 PM,13331.00,13331,1.0000,13332.0000,13.0000,5.00,6043.0000,6043.0000,35.00,6044.00,71.00,65.0,,,,,,,,,,,,,,,
18:07:28,6:07:28 PM,13330.00,13330,2.0000,13331.0000,15.0000,8.00,6042.0000,6043.0000,31.00,6043.00,124.00,62.0,,,,,,,,,,,,,,,
18:07:27,6:07:27 PM,13330.00,13330,2.0000,13331.0000,15.0000,7.00,6042.0000,6043.0000,29.00,6043.00,127.00,62.0,,,,,,,,,,,,,,,
18:07:26,6:07:26 PM,13330.00,13330,2.0000,13332.0000,15.0000,12.00,6042.0000,6043.0000,29.00,6043.00,127.00,56.0,,,,,,,,,,,,,,,
18:07:25,6:07:25 PM,13330.00,13330,2.0000,13332.0000,15.0000,12.00,6042.0000,6043.0000,29.00,6043.00,127.00,56.0,,,,,,,,,,,,,,,
18:07:24,6:07:24 PM,13330.00,13330,2.0000,13332.0000,15.0000,13.00,6042.0000,6043.0000,12.00,6043.00,126.00,63.0,,,,,,,,,,,,,,,
18:07:23,6:07:23 PM,13330.00,13330,2.0000,13332.0000,15.0000,18.00,6042.0000,6043.0000,11.00,6043.00,126.00,65.0,,,,,,,,,,,,,,,
18:07:23,6:07:23 PM,13331.00,13336,1.0000,13333.0000,18.0000,4.00,6043.0000,6043.0000,8.00,6044.00,77.00,65.0,,,,,,,,,,,,,,,
18:07:21,6:07:21 PM,13331.00,13336,1.0000,13333.0000,18.0000,4.00,6044.0000,6044.0000,31.00,6045.00,60.00,79.0,,,,,,,,,,,,,,,
18:07:21,6:07:20 PM,13331.00,13336,1.0000,13333.0000,17.0000,4.00,6043.0000,6044.0000,22.00,6044.00,77.00,67.0,,,,,,,,,,,,,,,
18:07:19,6:07:19 PM,13331.00,13336,1.0000,13333.0000,17.0000,4.00,6043.0000,6044.0000,22.00,6044.00,77.00,67.0,,,,,,,,,,,,,,,
18:07:18,6:07:18 PM,13331.00,13336,1.0000,13334.0000,17.0000,10.00,6043.0000,6044.0000,21.00,6044.00,80.00,52.0,,,,,,,,,,,,,,,
18:07:17,6:07:17 PM,13331.00,13336,1.0000,13334.0000,17.0000,10.00,6043.0000,6044.0000,19.00,6044.00,80.00,54.0,,,,,,,,,,,,,,,
18:07:16,6:07:16 PM,13331.00,13336,1.0000,13334.0000,17.0000,10.00,6043.0000,6044.0000,19.00,6044.00,80.00,54.0,,,,,,,,,,,,,,,
18:07:15,6:07:15 PM,13331.00,13336,1.0000,13334.0000,17.0000,10.00,6043.0000,6044.0000,17.00,6044.00,80.00,57.0,,,,,,,,,,,,,,,
18:07:15,6:07:14 PM,13331.00,13336,1.0000,13334.0000,17.0000,10.00,6043.0000,6044.0000,17.00,6044.00,80.00,57.0,,,,,,,,,,,,,,,
18:07:13,6:07:13 PM,13331.00,13336,1.0000,13334.0000,17.0000,10.00,6043.0000,6044.0000,16.00,6044.00,73.00,62.0,,,,,,,,,,,,,,,
18:07:12,6:07:12 PM,13331.00,13336,1.0000,13334.0000,17.0000,10.00,6043.0000,6044.0000,15.00,6044.00,73.00,63.0,,,,,,,,,,,,,,,
18:07:11,6:07:11 PM,13331.00,13336,1.0000,13334.0000,18.0000,7.00,6044.0000,6045.0000,2.00,6045.00,67.00,67.0,,,,,,,,,,,,,,,
18:07:10,6:07:10 PM,13331.00,13336,1.0000,13334.0000,18.0000,7.00,6044.0000,6045.0000,1.00,6045.00,63.00,70.0,,,,,,,,,,,,,,,
18:07:09,6:07:08 PM,13331.00,13336,1.0000,13334.0000,17.0000,7.00,6044.0000,6044.0000,19.00,6045.00,62.00,73.0,,,,,,,,,,,,,,,
18:07:08,6:07:08 PM,13331.00,13336,1.0000,13334.0000,17.0000,7.00,6044.0000,6044.0000,19.00,6045.00,62.00,73.0,,,,,,,,,,,,,,,
18:07:07,6:07:06 PM,13331.00,13336,1.0000,13334.0000,17.0000,7.00,6044.0000,6044.0000,6.00,6045.00,74.00,66.0,,,,,,,,,,,,,,,
18:07:06,6:07:06 PM,13331.00,13336,1.0000,13334.0000,17.0000,7.00,6044.0000,6044.0000,6.00,6045.00,74.00,66.0,,,,,,,,,,,,,,,
18:07:05,6:07:05 PM,13331.00,13336,1.0000,13334.0000,17.0000,6.00,6044.0000,6044.0000,6.00,6045.00,74.00,66.0,,,,,,,,,,,,,,,
18:07:04,6:07:04 PM,13331.00,13336,1.0000,13334.0000,17.0000,6.00,6044.0000,6044.0000,6.00,6045.00,74.00,65.0,,,,,,,,,,,,,,,
18:07:03,6:07:03 PM,13336.00,13338,1.0000,13338.0000,6.0000,10.00,6045.0000,6046.0000,7.00,6046.00,77.00,47.0,,,,,,,,,,,,,,,
18:07:02,6:07:02 PM,13336.00,13338,1.0000,13338.0000,6.0000,10.00,6045.0000,6046.0000,7.00,6046.00,78.00,47.0,,,,,,,,,,,,,,,
18:07:01,6:07:01 PM,13337.00,13338,1.0000,13338.0000,7.0000,6.00,6045.0000,6046.0000,7.00,6046.00,76.00,47.0,,,,,,,,,,,,,,,
18:07:00,6:07:00 PM,13337.00,13338,1.0000,13339.0000,7.0000,5.00,6046.0000,6047.0000,11.00,6047.00,89.00,66.0,,,,,,,,,,,,,,,
18:06:59,6:06:59 PM,13338.00,13338,1.0000,13340.0000,7.0000,10.00,6046.0000,6047.0000,10.00,6047.00,86.00,65.0,,,,,,,,,,,,,,,
18:06:58,6:06:58 PM,13333.00,13334,1.0000,13335.0000,14.0000,6.00,6044.0000,6045.0000,2.00,6045.00,77.00,50.0,,,,,,,,,,,,,,,
18:06:57,6:06:57 PM,13331.00,13334,1.0000,13334.0000,17.0000,12.00,6043.0000,6044.0000,72.00,6044.00,77.00,54.0,,,,,,,,,,,,,,,
18:06:56,6:06:56 PM,13334.00,13335,1.0000,13336.0000,5.0000,4.00,6044.0000,6045.0000,24.00,6045.00,131.00,49.0,,,,,,,,,,,,,,,
18:06:55,6:06:55 PM,13334.00,13335,1.0000,13336.0000,5.0000,4.00,6044.0000,6045.0000,24.00,6045.00,130.00,48.0,,,,,,,,,,,,,,,
18:06:54,6:06:54 PM,13334.00,13335,1.0000,13336.0000,5.0000,4.00,6044.0000,6045.0000,24.00,6045.00,128.00,47.0,,,,,,,,,,,,,,,
18:06:53,6:06:53 PM,13332.00,13332,1.0000,13333.0000,12.0000,8.00,6043.0000,6043.0000,10.00,6044.00,67.00,70.0,,,,,,,,,,,,,,,
18:06:52,6:06:52 PM,13330.00,13331,2.0000,13332.0000,17.0000,17.00,6042.0000,6043.0000,9.00,6043.00,120.00,58.0,,,,,,,,,,,,,,,
18:06:51,6:06:51 PM,13330.00,13331,2.0000,13332.0000,17.0000,7.00,6043.0000,6043.0000,3.00,6044.00,68.00,71.0,,,,,,,,,,,,,,,
18:06:51,6:06:50 PM,13330.00,13331,2.0000,13332.0000,17.0000,7.00,6043.0000,6043.0000,2.00,6044.00,69.00,70.0,,,,,,,,,,,,,,,
18:06:49,6:06:49 PM,13330.00,13331,2.0000,13332.0000,17.0000,7.00,6043.0000,6043.0000,2.00,6044.00,69.00,70.0,,,,,,,,,,,,,,,
18:06:48,6:06:48 PM,13330.00,13331,2.0000,13332.0000,17.0000,7.00,6043.0000,6043.0000,2.00,6044.00,69.00,70.0,,,,,,,,,,,,,,,
18:06:47,6:06:47 PM,13330.00,13331,2.0000,13332.0000,17.0000,7.00,6043.0000,6043.0000,1.00,6044.00,68.00,70.0,,,,,,,,,,,,,,,
18:06:46,6:06:46 PM,13330.00,13331,2.0000,13332.0000,17.0000,7.00,6043.0000,6043.0000,1.00,6044.00,68.00,70.0,,,,,,,,,,,,,,,
18:06:45,6:06:45 PM,13330.00,13331,2.0000,13332.0000,17.0000,7.00,6043.0000,6043.0000,1.00,6044.00,66.00,70.0,,,,,,,,,,,,,,,
18:06:45,6:06:44 PM,13330.00,13331,2.0000,13332.0000,17.0000,7.00,6043.0000,6043.0000,1.00,6044.00,66.00,70.0,,,,,,,,,,,,,,,
18:06:43,6:06:43 PM,13331.00,13331,2.0000,13332.0000,16.0000,7.00,6043.0000,6044.0000,4.00,6044.00,77.00,69.0,,,,,,,,,,,,,,,
18:06:42,6:06:42 PM,13331.00,13331,2.0000,13332.0000,16.0000,7.00,6043.0000,6044.0000,4.00,6044.00,76.00,69.0,,,,,,,,,,,,,,,
18:06:41,6:06:41 PM,13331.00,13331,2.0000,13332.0000,16.0000,6.00,6043.0000,6044.0000,4.00,6044.00,80.00,68.0,,,,,,,,,,,,,,,
18:06:40,6:06:40 PM,13331.00,13331,2.0000,13333.0000,16.0000,8.00,6043.0000,6044.0000,4.00,6044.00,80.00,68.0,,,,,,,,,,,,,,,
18:06:39,6:06:39 PM,13331.00,13331,2.0000,13333.0000,16.0000,7.00,6043.0000,6044.0000,4.00,6044.00,79.00,68.0,,,,,,,,,,,,,,,
18:06:38,6:06:37 PM,13331.00,13331,2.0000,13333.0000,15.0000,7.00,6043.0000,6044.0000,4.00,6044.00,79.00,68.0,,,,,,,,,,,,,,,
18:06:37,6:06:37 PM,13331.00,13331,2.0000,13333.0000,15.0000,7.00,6043.0000,6044.0000,4.00,6044.00,75.00,68.0,,,,,,,,,,,,,,,
18:06:36,6:06:36 PM,13331.00,13331,2.0000,13333.0000,15.0000,7.00,6043.0000,6044.0000,4.00,6044.00,73.00,68.0,,,,,,,,,,,,,,,
18:06:35,6:06:35 PM,13329.00,13330,1.0000,13331.0000,10.0000,10.00,6043.0000,6044.0000,4.00,6044.00,58.00,83.0,,,,,,,,,,,,,,,
18:06:34,6:06:34 PM,13329.00,13330,1.0000,13331.0000,10.0000,8.00,6043.0000,6044.0000,4.00,6044.00,63.00,76.0,,,,,,,,,,,,,,,
18:06:33,6:06:33 PM,13329.00,13330,1.0000,13331.0000,10.0000,8.00,6043.0000,6044.0000,2.00,6044.00,58.00,84.0,,,,,,,,,,,,,,,
18:06:32,6:06:32 PM,13329.00,13330,1.0000,13331.0000,10.0000,8.00,6043.0000,6044.0000,2.00,6044.00,62.00,79.0,,,,,,,,,,,,,,,
18:06:31,6:06:31 PM,13329.00,13330,1.0000,13331.0000,10.0000,8.00,6043.0000,6043.0000,8.00,6044.00,59.00,85.0,,,,,,,,,,,,,,,
18:06:30,6:06:30 PM,13329.00,13330,1.0000,13331.0000,10.0000,8.00,6043.0000,6043.0000,8.00,6044.00,59.00,86.0,,,,,,,,,,,,,,,
18:06:30,6:06:29 PM,13329.00,13330,1.0000,13331.0000,10.0000,8.00,6043.0000,6043.0000,8.00,6044.00,59.00,84.0,,,,,,,,,,,,,,,
18:06:28,6:06:28 PM,13329.00,13330,1.0000,13331.0000,10.0000,8.00,6043.0000,6043.0000,8.00,6044.00,59.00,86.0,,,,,,,,,,,,,,,
18:06:27,6:06:27 PM,13329.00,13330,1.0000,13331.0000,10.0000,9.00,6042.0000,6043.0000,4.00,6043.00,115.00,67.0,,,,,,,,,,,,,,,
18:06:26,6:06:26 PM,13329.00,13330,1.0000,13331.0000,10.0000,8.00,6043.0000,6044.0000,3.00,6044.00,63.00,81.0,,,,,,,,,,,,,,,
18:06:25,6:06:25 PM,13330.00,13330,1.0000,13331.0000,8.0000,8.00,6043.0000,6044.0000,3.00,6044.00,65.00,79.0,,,,,,,,,,,,,,,
18:06:24,6:06:24 PM,13330.00,13330,1.0000,13331.0000,8.0000,8.00,6043.0000,6044.0000,3.00,6044.00,63.00,82.0,,,,,,,,,,,,,,,
18:06:23,6:06:23 PM,13330.00,13330,1.0000,13331.0000,8.0000,8.00,6043.0000,6044.0000,3.00,6044.00,62.00,82.0,,,,,,,,,,,,,,,
18:06:23,6:06:22 PM,13330.00,13330,1.0000,13331.0000,8.0000,8.00,6043.0000,6044.0000,3.00,6044.00,62.00,81.0,,,,,,,,,,,,,,,
18:06:21,6:06:21 PM,13329.00,13330,1.0000,13331.0000,10.0000,8.00,6043.0000,6044.0000,3.00,6044.00,62.00,81.0,,,,,,,,,,,,,,,
18:06:21,6:06:20 PM,13329.00,13330,1.0000,13331.0000,10.0000,8.00,6043.0000,6044.0000,3.00,6044.00,62.00,81.0,,,,,,,,,,,,,,,
18:06:19,6:06:19 PM,13329.00,13330,1.0000,13331.0000,10.0000,8.00,6043.0000,6044.0000,3.00,6044.00,62.00,79.0,,,,,,,,,,,,,,,
18:06:18,6:06:18 PM,13329.00,13330,1.0000,13331.0000,10.0000,8.00,6043.0000,6044.0000,3.00,6044.00,62.00,79.0,,,,,,,,,,,,,,,
18:06:17,6:06:17 PM,13329.00,13330,1.0000,13331.0000,10.0000,8.00,6043.0000,6044.0000,2.00,6044.00,60.00,81.0,,,,,,,,,,,,,,,
18:06:16,6:06:15 PM,13329.00,13330,1.0000,13331.0000,10.0000,8.00,6043.0000,6044.0000,1.00,6044.00,60.00,82.0,,,,,,,,,,,,,,,
18:06:15,6:06:15 PM,13329.00,13330,1.0000,13331.0000,10.0000,8.00,6043.0000,6044.0000,1.00,6044.00,60.00,82.0,,,,,,,,,,,,,,,
18:06:15,6:06:14 PM,13329.00,13330,1.0000,13331.0000,10.0000,8.00,6043.0000,6044.0000,1.00,6044.00,60.00,82.0,,,,,,,,,,,,,,,
18:06:13,6:06:13 PM,13329.00,13330,1.0000,13331.0000,10.0000,8.00,6043.0000,6044.0000,1.00,6044.00,60.00,81.0,,,,,,,,,,,,,,,
18:06:13,6:06:12 PM,13329.00,13330,1.0000,13331.0000,10.0000,8.00,6043.0000,6044.0000,1.00,6044.00,60.00,81.0,,,,,,,,,,,,,,,
18:06:11,6:06:11 PM,13330.00,13330,1.0000,13331.0000,8.0000,8.00,6043.0000,6044.0000,1.00,6044.00,60.00,81.0,,,,,,,,,,,,,,,
18:06:10,6:06:10 PM,13329.00,13330,1.0000,13331.0000,10.0000,8.00,6043.0000,6043.0000,5.00,6044.00,60.00,81.0,,,,,,,,,,,,,,,
18:06:10,6:06:09 PM,13329.00,13330,1.0000,13331.0000,10.0000,8.00,6043.0000,6043.0000,5.00,6044.00,60.00,81.0,,,,,,,,,,,,,,,
18:06:08,6:06:08 PM,13329.00,13330,1.0000,13331.0000,10.0000,8.00,6043.0000,6043.0000,5.00,6044.00,60.00,81.0,,,,,,,,,,,,,,,
18:06:08,6:06:07 PM,13329.00,13330,1.0000,13331.0000,10.0000,8.00,6043.0000,6043.0000,5.00,6044.00,60.00,81.0,,,,,,,,,,,,,,,
18:06:06,6:06:06 PM,13329.00,13330,1.0000,13331.0000,10.0000,8.00,6043.0000,6043.0000,5.00,6044.00,59.00,83.0,,,,,,,,,,,,,,,
18:06:06,6:06:06 PM,13329.00,13330,1.0000,13331.0000,10.0000,8.00,6043.0000,6043.0000,5.00,6044.00,59.00,83.0,,,,,,,,,,,,,,,
18:06:04,6:06:04 PM,13330.00,13330,1.0000,13331.0000,8.0000,8.00,6043.0000,6043.0000,5.00,6044.00,64.00,75.0,,,,,,,,,,,,,,,
18:06:03,6:06:03 PM,13330.00,13330,1.0000,13333.0000,8.0000,10.00,6043.0000,6043.0000,5.00,6044.00,66.00,75.0,,,,,,,,,,,,,,,
18:06:02,6:06:02 PM,13330.00,13330,1.0000,13332.0000,8.0000,6.00,6043.0000,6043.0000,5.00,6044.00,61.00,75.0,,,,,,,,,,,,,,,
18:06:01,6:06:01 PM,13330.00,13330,1.0000,13332.0000,8.0000,11.00,6042.0000,6043.0000,2.00,6043.00,118.00,58.0,,,,,,,,,,,,,,,
18:06:01,6:06:00 PM,13329.00,13330,2.0000,13330.0000,7.0000,8.00,6042.0000,6043.0000,3.00,6043.00,114.00,71.0,,,,,,,,,,,,,,,
18:05:59,6:05:59 PM,13329.00,13330,2.0000,13330.0000,7.0000,8.00,6042.0000,6043.0000,3.00,6043.00,114.00,73.0,,,,,,,,,,,,,,,
18:05:58,6:05:57 PM,13329.00,13330,2.0000,13330.0000,6.0000,7.00,6042.0000,6043.0000,1.00,6043.00,111.00,80.0,,,,,,,,,,,,,,,
18:05:57,6:05:57 PM,13329.00,13330,2.0000,13330.0000,6.0000,7.00,6042.0000,6043.0000,1.00,6043.00,111.00,80.0,,,,,,,,,,,,,,,
18:05:56,6:05:56 PM,13329.00,13330,2.0000,13330.0000,6.0000,7.00,6042.0000,6043.0000,1.00,6043.00,109.00,79.0,,,,,,,,,,,,,,,
18:05:55,6:05:55 PM,13329.00,13330,2.0000,13330.0000,6.0000,7.00,6042.0000,6043.0000,1.00,6043.00,108.00,78.0,,,,,,,,,,,,,,,
18:05:54,6:05:54 PM,13329.00,13330,2.0000,13331.0000,8.0000,11.00,6042.0000,6043.0000,38.00,6043.00,116.00,70.0,,,,,,,,,,,,,,,
18:05:53,6:05:53 PM,13330.00,13331,1.0000,13331.0000,8.0000,11.00,6042.0000,6043.0000,37.00,6043.00,116.00,70.0,,,,,,,,,,,,,,,
18:05:52,6:05:52 PM,13330.00,13331,1.0000,13331.0000,8.0000,9.00,6042.0000,6043.0000,37.00,6043.00,116.00,70.0,,,,,,,,,,,,,,,
18:05:51,6:05:51 PM,13330.00,13331,1.0000,13332.0000,8.0000,14.00,6042.0000,6043.0000,36.00,6043.00,117.00,59.0,,,,,,,,,,,,,,,
18:05:50,6:05:50 PM,13331.00,13330,1.0000,13333.0000,6.0000,10.00,6043.0000,6043.0000,32.00,6044.00,65.00,77.0,,,,,,,,,,,,,,,
18:05:50,6:05:48 PM,13331.00,13330,1.0000,13333.0000,6.0000,8.00,6043.0000,6043.0000,32.00,6044.00,72.00,70.0,,,,,,,,,,,,,,,
18:05:48,6:05:48 PM,13331.00,13330,1.0000,13333.0000,6.0000,8.00,6043.0000,6043.0000,32.00,6044.00,72.00,70.0,,,,,,,,,,,,,,,
18:05:47,6:05:47 PM,13331.00,13330,1.0000,13333.0000,6.0000,8.00,6043.0000,6043.0000,31.00,6044.00,75.00,69.0,,,,,,,,,,,,,,,
18:05:46,6:05:45 PM,13331.00,13330,1.0000,13333.0000,6.0000,8.00,6043.0000,6043.0000,31.00,6044.00,71.00,71.0,,,,,,,,,,,,,,,
18:05:45,6:05:45 PM,13331.00,13330,1.0000,13333.0000,6.0000,8.00,6043.0000,6043.0000,31.00,6044.00,71.00,71.0,,,,,,,,,,,,,,,
18:05:44,6:05:44 PM,13331.00,13330,1.0000,13333.0000,6.0000,8.00,6043.0000,6043.0000,31.00,6044.00,72.00,71.0,,,,,,,,,,,,,,,
18:05:43,6:05:42 PM,13331.00,13330,1.0000,13333.0000,6.0000,7.00,6043.0000,6043.0000,31.00,6044.00,72.00,71.0,,,,,,,,,,,,,,,
18:05:42,6:05:42 PM,13329.00,13329,1.0000,13330.0000,7.0000,8.00,6042.0000,6043.0000,15.00,6043.00,115.00,73.0,,,,,,,,,,,,,,,
18:05:41,6:05:41 PM,13329.00,13329,1.0000,13330.0000,6.0000,8.00,6042.0000,6043.0000,7.00,6043.00,109.00,80.0,,,,,,,,,,,,,,,
18:05:40,6:05:40 PM,13329.00,13329,1.0000,13330.0000,6.0000,8.00,6042.0000,6043.0000,7.00,6043.00,106.00,80.0,,,,,,,,,,,,,,,
18:05:39,6:05:39 PM,13328.00,13329,1.0000,13330.0000,9.0000,8.00,6042.0000,6043.0000,7.00,6043.00,100.00,81.0,,,,,,,,,,,,,,,
18:05:38,6:05:38 PM,13329.00,13329,1.0000,13330.0000,6.0000,8.00,6042.0000,6043.0000,7.00,6043.00,107.00,79.0,,,,,,,,,,,,,,,
18:05:38,6:05:37 PM,13329.00,13329,1.0000,13330.0000,6.0000,8.00,6042.0000,6043.0000,7.00,6043.00,107.00,79.0,,,,,,,,,,,,,,,
18:05:36,6:05:36 PM,13329.00,13329,1.0000,13330.0000,6.0000,8.00,6042.0000,6043.0000,7.00,6043.00,104.00,79.0,,,,,,,,,,,,,,,
18:05:35,6:05:35 PM,13328.00,13329,1.0000,13330.0000,7.0000,8.00,6042.0000,6043.0000,7.00,6043.00,100.00,79.0,,,,,,,,,,,,,,,
18:05:34,6:05:34 PM,13328.00,13329,1.0000,13330.0000,7.0000,8.00,6042.0000,6043.0000,7.00,6043.00,101.00,75.0,,,,,,,,,,,,,,,
18:05:34,6:05:33 PM,13328.00,13329,1.0000,13330.0000,7.0000,8.00,6042.0000,6043.0000,7.00,6043.00,101.00,75.0,,,,,,,,,,,,,,,
18:05:32,6:05:32 PM,13328.00,13329,1.0000,13330.0000,7.0000,10.00,6042.0000,6043.0000,7.00,6043.00,101.00,74.0,,,,,,,,,,,,,,,
18:05:31,6:05:31 PM,13328.00,13329,1.0000,13330.0000,7.0000,10.00,6042.0000,6043.0000,6.00,6043.00,101.00,75.0,,,,,,,,,,,,,,,
18:05:31,6:05:29 PM,13328.00,13329,1.0000,13330.0000,7.0000,10.00,6042.0000,6043.0000,6.00,6043.00,101.00,75.0,,,,,,,,,,,,,,,
18:05:29,6:05:29 PM,13328.00,13329,1.0000,13330.0000,7.0000,10.00,6042.0000,6043.0000,6.00,6043.00,101.00,75.0,,,,,,,,,,,,,,,
18:05:28,6:05:28 PM,13328.00,13329,1.0000,13330.0000,7.0000,10.00,6042.0000,6043.0000,6.00,6043.00,101.00,71.0,,,,,,,,,,,,,,,
18:05:28,6:05:27 PM,13328.00,13329,1.0000,13330.0000,7.0000,10.00,6042.0000,6043.0000,6.00,6043.00,101.00,72.0,,,,,,,,,,,,,,,
18:05:26,6:05:26 PM,13328.00,13329,1.0000,13330.0000,7.0000,10.00,6042.0000,6043.0000,3.00,6043.00,101.00,77.0,,,,,,,,,,,,,,,
18:05:26,6:05:25 PM,13328.00,13329,1.0000,13330.0000,7.0000,10.00,6042.0000,6043.0000,3.00,6043.00,101.00,77.0,,,,,,,,,,,,,,,
18:05:24,6:05:24 PM,13328.00,13329,1.0000,13330.0000,7.0000,10.00,6042.0000,6043.0000,3.00,6043.00,101.00,77.0,,,,,,,,,,,,,,,
18:05:23,6:05:22 PM,13328.00,13329,1.0000,13330.0000,7.0000,10.00,6042.0000,6043.0000,3.00,6043.00,101.00,77.0,,,,,,,,,,,,,,,
18:05:22,6:05:22 PM,13328.00,13329,1.0000,13330.0000,7.0000,10.00,6042.0000,6043.0000,3.00,6043.00,101.00,77.0,,,,,,,,,,,,,,,
18:05:21,6:05:21 PM,13328.00,13329,1.0000,13330.0000,7.0000,10.00,6042.0000,6043.0000,3.00,6043.00,105.00,75.0,,,,,,,,,,,,,,,
18:05:20,6:05:20 PM,13329.00,13330,1.0000,13330.0000,5.0000,10.00,6042.0000,6043.0000,3.00,6043.00,105.00,75.0,,,,,,,,,,,,,,,
18:05:19,6:05:19 PM,13329.00,13330,1.0000,13330.0000,5.0000,10.00,6042.0000,6043.0000,3.00,6043.00,105.00,74.0,,,,,,,,,,,,,,,
18:05:18,6:05:18 PM,13329.00,13330,1.0000,13331.0000,5.0000,13.00,6042.0000,6043.0000,3.00,6043.00,105.00,74.0,,,,,,,,,,,,,,,
18:05:18,6:05:17 PM,13329.00,13330,1.0000,13331.0000,5.0000,13.00,6042.0000,6043.0000,3.00,6043.00,105.00,74.0,,,,,,,,,,,,,,,
18:05:16,6:05:16 PM,13329.00,13330,1.0000,13331.0000,5.0000,13.00,6042.0000,6043.0000,3.00,6043.00,105.00,73.0,,,,,,,,,,,,,,,
18:05:15,6:05:15 PM,13329.00,13330,1.0000,13331.0000,5.0000,16.00,6042.0000,6043.0000,3.00,6043.00,104.00,67.0,,,,,,,,,,,,,,,
18:05:14,6:05:14 PM,13329.00,13330,1.0000,13332.0000,5.0000,17.00,6042.0000,6043.0000,3.00,6043.00,104.00,67.0,,,,,,,,,,,,,,,
18:05:13,6:05:13 PM,13329.00,13330,1.0000,13332.0000,5.0000,17.00,6042.0000,6043.0000,3.00,6043.00,104.00,67.0,,,,,,,,,,,,,,,
18:05:12,6:05:12 PM,13329.00,13330,1.0000,13332.0000,5.0000,17.00,6042.0000,6043.0000,3.00,6043.00,104.00,67.0,,,,,,,,,,,,,,,
18:05:11,6:05:11 PM,13329.00,13330,1.0000,13332.0000,5.0000,17.00,6042.0000,6043.0000,3.00,6043.00,103.00,67.0,,,,,,,,,,,,,,,
18:05:10,6:05:10 PM,13329.00,13330,1.0000,13332.0000,5.0000,17.00,6042.0000,6043.0000,3.00,6043.00,104.00,67.0,,,,,,,,,,,,,,,
18:05:09,6:05:09 PM,13329.00,13330,1.0000,13332.0000,5.0000,17.00,6042.0000,6043.0000,3.00,6043.00,104.00,66.0,,,,,,,,,,,,,,,
18:05:09,6:05:08 PM,13329.00,13330,1.0000,13332.0000,5.0000,17.00,6042.0000,6043.0000,1.00,6043.00,103.00,67.0,,,,,,,,,,,,,,,
18:05:07,6:05:07 PM,13329.00,13330,1.0000,13332.0000,5.0000,17.00,6042.0000,6042.0000,3.00,6043.00,103.00,67.0,,,,,,,,,,,,,,,
18:05:06,6:05:06 PM,13329.00,13330,1.0000,13332.0000,5.0000,17.00,6042.0000,6042.0000,3.00,6043.00,103.00,67.0,,,,,,,,,,,,,,,
18:05:05,6:05:05 PM,13330.00,13333,1.0000,13332.0000,4.0000,16.00,6042.0000,6043.0000,6.00,6043.00,116.00,57.0,,,,,,,,,,,,,,,
18:05:04,6:05:04 PM,13330.00,13333,1.0000,13333.0000,4.0000,16.00,6042.0000,6043.0000,6.00,6043.00,121.00,51.0,,,,,,,,,,,,,,,
18:05:04,6:05:03 PM,13330.00,13333,1.0000,13333.0000,4.0000,15.00,6042.0000,6043.0000,6.00,6043.00,121.00,51.0,,,,,,,,,,,,,,,
18:05:02,6:05:02 PM,13330.00,13333,1.0000,13333.0000,4.0000,14.00,6042.0000,6043.0000,6.00,6043.00,121.00,51.0,,,,,,,,,,,,,,,
18:05:01,6:05:01 PM,13330.00,13333,1.0000,13333.0000,4.0000,14.00,6042.0000,6043.0000,6.00,6043.00,121.00,51.0,,,,,,,,,,,,,,,
18:05:00,6:05:00 PM,13330.00,13333,1.0000,13333.0000,4.0000,14.00,6042.0000,6043.0000,5.00,6043.00,123.00,51.0,,,,,,,,,,,,,,,
18:04:59,6:04:58 PM,13330.00,13333,1.0000,13333.0000,4.0000,10.00,6043.0000,6043.0000,5.00,6044.00,58.00,80.0,,,,,,,,,,,,,,,
18:04:58,6:04:58 PM,13330.00,13333,1.0000,13333.0000,4.0000,10.00,6043.0000,6043.0000,5.00,6044.00,58.00,80.0,,,,,,,,,,,,,,,
18:04:58,6:04:57 PM,13330.00,13333,1.0000,13333.0000,4.0000,10.00,6043.0000,6043.0000,5.00,6044.00,58.00,78.0,,,,,,,,,,,,,,,
18:04:56,6:04:56 PM,13330.00,13333,1.0000,13333.0000,4.0000,11.00,6042.0000,6043.0000,5.00,6044.00,124.00,80.0,,,,,,,,,,,,,,,
18:04:55,6:04:55 PM,13330.00,13333,1.0000,13333.0000,4.0000,13.00,6042.0000,6043.0000,3.00,6043.00,122.00,50.0,,,,,,,,,,,,,,,
18:04:54,6:04:54 PM,13331.00,13333,1.0000,13333.0000,5.0000,8.00,6043.0000,6043.0000,1.00,6044.00,64.00,75.0,,,,,,,,,,,,,,,
18:04:53,6:04:52 PM,13331.00,13333,1.0000,13333.0000,5.0000,8.00,6043.0000,6043.0000,1.00,6044.00,64.00,75.0,,,,,,,,,,,,,,,
18:04:52,6:04:52 PM,13331.00,13333,1.0000,13333.0000,5.0000,7.00,6043.0000,6043.0000,1.00,6044.00,68.00,72.0,,,,,,,,,,,,,,,
18:04:51,6:04:51 PM,13331.00,13333,1.0000,13333.0000,5.0000,6.00,6043.0000,6043.0000,1.00,6044.00,70.00,71.0,,,,,,,,,,,,,,,
18:04:51,6:04:50 PM,13331.00,13333,1.0000,13333.0000,5.0000,5.00,6043.0000,6043.0000,1.00,6044.00,70.00,70.0,,,,,,,,,,,,,,,
18:04:49,6:04:49 PM,13331.00,13333,1.0000,13333.0000,5.0000,5.00,6043.0000,6043.0000,1.00,6044.00,70.00,70.0,,,,,,,,,,,,,,,
18:04:48,6:04:47 PM,13331.00,13332,1.0000,13333.0000,5.0000,6.00,6043.0000,6043.0000,1.00,6044.00,70.00,70.0,,,,,,,,,,,,,,,
18:04:47,6:04:47 PM,13331.00,13332,1.0000,13333.0000,5.0000,6.00,6043.0000,6044.0000,28.00,6044.00,75.00,69.0,,,,,,,,,,,,,,,
18:04:46,6:04:46 PM,13331.00,13332,1.0000,13333.0000,5.0000,6.00,6043.0000,6044.0000,28.00,6044.00,75.00,69.0,,,,,,,,,,,,,,,
18:04:45,6:04:45 PM,13331.00,13332,1.0000,13333.0000,5.0000,6.00,6043.0000,6044.0000,28.00,6044.00,75.00,69.0,,,,,,,,,,,,,,,
18:04:44,6:04:43 PM,13331.00,13332,1.0000,13335.0000,5.0000,14.00,6043.0000,6044.0000,28.00,6044.00,77.00,57.0,,,,,,,,,,,,,,,
18:04:43,6:04:43 PM,13331.00,13332,1.0000,13335.0000,5.0000,13.00,6043.0000,6044.0000,28.00,6044.00,77.00,57.0,,,,,,,,,,,,,,,
18:04:42,6:04:42 PM,13332.00,13332,1.0000,13335.0000,9.0000,7.00,6044.0000,6044.0000,26.00,6045.00,63.00,73.0,,,,,,,,,,,,,,,
18:04:41,6:04:41 PM,13332.00,13332,1.0000,13335.0000,9.0000,6.00,6044.0000,6044.0000,26.00,6045.00,63.00,72.0,,,,,,,,,,,,,,,
18:04:40,6:04:40 PM,13332.00,13332,1.0000,13335.0000,9.0000,6.00,6044.0000,6044.0000,26.00,6045.00,62.00,72.0,,,,,,,,,,,,,,,
18:04:39,6:04:39 PM,13332.00,13332,1.0000,13335.0000,9.0000,6.00,6044.0000,6044.0000,26.00,6045.00,62.00,72.0,,,,,,,,,,,,,,,
18:04:38,6:04:38 PM,13332.00,13332,1.0000,13335.0000,9.0000,6.00,6044.0000,6044.0000,16.00,6045.00,70.00,70.0,,,,,,,,,,,,,,,
18:04:37,6:04:37 PM,13332.00,13332,1.0000,13335.0000,9.0000,6.00,6044.0000,6044.0000,16.00,6045.00,70.00,70.0,,,,,,,,,,,,,,,
18:04:36,6:04:36 PM,13331.00,13332,1.0000,13333.0000,5.0000,6.00,6043.0000,6043.0000,26.00,6044.00,85.00,70.0,,,,,,,,,,,,,,,
18:04:36,6:04:34 PM,13331.00,13332,1.0000,13333.0000,5.0000,6.00,6043.0000,6043.0000,26.00,6044.00,85.00,69.0,,,,,,,,,,,,,,,
18:04:34,6:04:34 PM,13331.00,13332,1.0000,13333.0000,5.0000,6.00,6043.0000,6043.0000,26.00,6044.00,85.00,69.0,,,,,,,,,,,,,,,
18:04:33,6:04:33 PM,13328.00,13330,1.0000,13331.0000,9.0000,10.00,6042.0000,6043.0000,5.00,6043.00,113.00,77.0,,,,,,,,,,,,,,,
18:04:33,6:04:32 PM,13328.00,13330,1.0000,13331.0000,9.0000,11.00,6042.0000,6043.0000,5.00,6043.00,103.00,78.0,,,,,,,,,,,,,,,
18:04:31,6:04:31 PM,13328.00,13328,1.0000,13330.0000,9.0000,4.00,6042.0000,6043.0000,4.00,6043.00,102.00,79.0,,,,,,,,,,,,,,,
18:04:30,6:04:30 PM,13328.00,13328,1.0000,13330.0000,9.0000,4.00,6042.0000,6043.0000,4.00,6043.00,102.00,79.0,,,,,,,,,,,,,,,
18:04:30,6:04:29 PM,13328.00,13328,1.0000,13330.0000,9.0000,4.00,6042.0000,6043.0000,4.00,6043.00,101.00,79.0,,,,,,,,,,,,,,,
18:04:28,6:04:28 PM,13328.00,13328,1.0000,13330.0000,9.0000,5.00,6042.0000,6043.0000,4.00,6043.00,101.00,79.0,,,,,,,,,,,,,,,
18:04:27,6:04:26 PM,13328.00,13328,1.0000,13330.0000,9.0000,6.00,6042.0000,6043.0000,2.00,6043.00,100.00,82.0,,,,,,,,,,,,,,,
18:04:26,6:04:26 PM,13328.00,13328,1.0000,13330.0000,9.0000,6.00,6042.0000,6043.0000,2.00,6043.00,99.00,82.0,,,,,,,,,,,,,,,
18:04:25,6:04:24 PM,13328.00,13328,1.0000,13330.0000,9.0000,6.00,6042.0000,6043.0000,2.00,6043.00,99.00,80.0,,,,,,,,,,,,,,,
18:04:24,6:04:24 PM,13328.00,13328,1.0000,13330.0000,9.0000,6.00,6042.0000,6043.0000,2.00,6043.00,99.00,80.0,,,,,,,,,,,,,,,
18:04:23,6:04:23 PM,13328.00,13328,1.0000,13330.0000,9.0000,6.00,6042.0000,6043.0000,1.00,6043.00,95.00,84.0,,,,,,,,,,,,,,,
18:04:22,6:04:22 PM,13328.00,13328,1.0000,13330.0000,9.0000,4.00,6042.0000,6043.0000,1.00,6043.00,99.00,75.0,,,,,,,,,,,,,,,
18:04:21,6:04:21 PM,13328.00,13328,1.0000,13330.0000,9.0000,4.00,6042.0000,6043.0000,1.00,6043.00,96.00,75.0,,,,,,,,,,,,,,,
18:04:20,6:04:20 PM,13328.00,13328,1.0000,13330.0000,7.0000,8.00,6042.0000,6042.0000,16.00,6043.00,95.00,77.0,,,,,,,,,,,,,,,
18:04:19,6:04:19 PM,13328.00,13328,1.0000,13330.0000,7.0000,8.00,6042.0000,6042.0000,16.00,6043.00,95.00,77.0,,,,,,,,,,,,,,,
18:04:19,6:04:17 PM,13328.00,13328,1.0000,13330.0000,7.0000,9.00,6042.0000,6042.0000,16.00,6043.00,93.00,78.0,,,,,,,,,,,,,,,
18:04:17,6:04:17 PM,13328.00,13328,1.0000,13330.0000,7.0000,9.00,6042.0000,6042.0000,16.00,6043.00,93.00,78.0,,,,,,,,,,,,,,,
18:04:16,6:04:16 PM,13328.00,13328,1.0000,13330.0000,7.0000,9.00,6042.0000,6042.0000,14.00,6043.00,93.00,81.0,,,,,,,,,,,,,,,
18:04:16,6:04:15 PM,13328.00,13328,1.0000,13330.0000,7.0000,9.00,6042.0000,6042.0000,14.00,6043.00,93.00,81.0,,,,,,,,,,,,,,,
18:04:14,6:04:14 PM,13328.00,13328,1.0000,13330.0000,7.0000,9.00,6042.0000,6042.0000,14.00,6043.00,93.00,81.0,,,,,,,,,,,,,,,
18:04:13,6:04:12 PM,13328.00,13328,1.0000,13330.0000,7.0000,9.00,6042.0000,6042.0000,14.00,6043.00,93.00,81.0,,,,,,,,,,,,,,,
18:04:12,6:04:12 PM,13328.00,13328,1.0000,13330.0000,7.0000,9.00,6042.0000,6042.0000,14.00,6043.00,93.00,81.0,,,,,,,,,,,,,,,
18:04:11,6:04:11 PM,13327.00,13328,1.0000,13330.0000,14.0000,9.00,6041.0000,6042.0000,14.00,6043.00,114.00,89.0,,,,,,,,,,,,,,,
18:04:10,6:04:10 PM,13327.00,13328,1.0000,13330.0000,14.0000,9.00,6041.0000,6042.0000,14.00,6043.00,114.00,89.0,,,,,,,,,,,,,,,
18:04:10,6:04:09 PM,13327.00,13328,1.0000,13330.0000,14.0000,12.00,6041.0000,6042.0000,12.00,6042.00,110.00,64.0,,,,,,,,,,,,,,,
18:04:08,6:04:08 PM,13327.00,13328,1.0000,13330.0000,14.0000,11.00,6041.0000,6042.0000,12.00,6042.00,110.00,64.0,,,,,,,,,,,,,,,
18:04:07,6:04:07 PM,13327.00,13328,1.0000,13330.0000,14.0000,11.00,6041.0000,6042.0000,12.00,6042.00,111.00,61.0,,,,,,,,,,,,,,,
18:04:06,6:04:06 PM,13327.00,13329,1.0000,13328.0000,14.0000,7.00,6041.0000,6041.0000,1.00,6042.00,109.00,74.0,,,,,,,,,,,,,,,
18:04:05,6:04:04 PM,13327.00,13329,1.0000,13328.0000,14.0000,7.00,6041.0000,6042.0000,11.00,6042.00,112.00,74.0,,,,,,,,,,,,,,,
18:04:04,6:04:04 PM,13327.00,13329,1.0000,13328.0000,14.0000,8.00,6041.0000,6042.0000,1.00,6042.00,106.00,77.0,,,,,,,,,,,,,,,
18:04:03,6:04:03 PM,13327.00,13329,1.0000,13328.0000,14.0000,8.00,6041.0000,6042.0000,1.00,6042.00,106.00,76.0,,,,,,,,,,,,,,,
18:04:02,6:04:02 PM,13327.00,13329,1.0000,13328.0000,14.0000,7.00,6041.0000,6042.0000,1.00,6042.00,105.00,76.0,,,,,,,,,,,,,,,
18:04:01,6:04:01 PM,13327.00,13329,1.0000,13328.0000,14.0000,7.00,6041.0000,6041.0000,5.00,6042.00,105.00,77.0,,,,,,,,,,,,,,,
18:04:00,6:04:00 PM,13327.00,13329,1.0000,13330.0000,14.0000,12.00,6041.0000,6041.0000,5.00,6042.00,104.00,70.0,,,,,,,,,,,,,,,
18:03:59,6:03:59 PM,13327.00,13329,1.0000,13330.0000,14.0000,12.00,6041.0000,6041.0000,5.00,6042.00,106.00,69.0,,,,,,,,,,,,,,,
18:03:59,6:03:58 PM,13327.00,13329,1.0000,13330.0000,14.0000,12.00,6041.0000,6041.0000,2.00,6042.00,112.00,69.0,,,,,,,,,,,,,,,
18:03:57,6:03:56 PM,13327.00,13329,1.0000,13330.0000,14.0000,12.00,6041.0000,6041.0000,2.00,6042.00,112.00,69.0,,,,,,,,,,,,,,,
18:03:56,6:03:56 PM,13327.00,13329,1.0000,13330.0000,14.0000,12.00,6041.0000,6041.0000,2.00,6042.00,112.00,69.0,,,,,,,,,,,,,,,
18:03:55,6:03:55 PM,13327.00,13329,1.0000,13330.0000,14.0000,12.00,6041.0000,6041.0000,1.00,6042.00,115.00,67.0,,,,,,,,,,,,,,,
18:03:54,6:03:54 PM,13327.00,13329,1.0000,13330.0000,14.0000,12.00,6041.0000,6041.0000,1.00,6042.00,114.00,65.0,,,,,,,,,,,,,,,
18:03:53,6:03:53 PM,13327.00,13329,1.0000,13330.0000,14.0000,12.00,6041.0000,6042.0000,7.00,6042.00,112.00,66.0,,,,,,,,,,,,,,,
18:03:52,6:03:52 PM,13327.00,13329,1.0000,13330.0000,20.0000,8.00,6042.0000,6042.0000,1.00,6043.00,95.00,87.0,,,,,,,,,,,,,,,
18:03:51,6:03:51 PM,13327.00,13329,1.0000,13330.0000,20.0000,7.00,6042.0000,6042.0000,1.00,6043.00,95.00,85.0,,,,,,,,,,,,,,,
18:03:50,6:03:50 PM,13327.00,13329,1.0000,13330.0000,20.0000,7.00,6042.0000,6042.0000,1.00,6043.00,94.00,85.0,,,,,,,,,,,,,,,
18:03:50,6:03:49 PM,13327.00,13329,1.0000,13330.0000,20.0000,7.00,6042.0000,6043.0000,3.00,6043.00,98.00,85.0,,,,,,,,,,,,,,,
18:03:48,6:03:48 PM,13327.00,13329,1.0000,13330.0000,20.0000,7.00,6042.0000,6043.0000,3.00,6043.00,98.00,84.0,,,,,,,,,,,,,,,
18:03:47,6:03:47 PM,13327.00,13329,1.0000,13330.0000,20.0000,7.00,6042.0000,6043.0000,3.00,6043.00,98.00,84.0,,,,,,,,,,,,,,,
18:03:46,6:03:46 PM,13327.00,13329,1.0000,13330.0000,20.0000,8.00,6042.0000,6042.0000,9.00,6043.00,97.00,88.0,,,,,,,,,,,,,,,
18:03:45,6:03:45 PM,13327.00,13329,1.0000,13330.0000,20.0000,8.00,6042.0000,6042.0000,7.00,6043.00,98.00,88.0,,,,,,,,,,,,,,,
18:03:44,6:03:44 PM,13327.00,13329,1.0000,13330.0000,20.0000,8.00,6042.0000,6042.0000,7.00,6043.00,98.00,88.0,,,,,,,,,,,,,,,
18:03:43,6:03:43 PM,13327.00,13329,1.0000,13330.0000,20.0000,8.00,6042.0000,6042.0000,7.00,6043.00,97.00,86.0,,,,,,,,,,,,,,,
18:03:43,6:03:42 PM,13327.00,13329,1.0000,13330.0000,20.0000,8.00,6042.0000,6042.0000,7.00,6043.00,97.00,86.0,,,,,,,,,,,,,,,
18:03:41,6:03:41 PM,13329.00,13329,4.0000,13330.0000,6.0000,6.00,6042.0000,6042.0000,5.00,6043.00,102.00,84.0,,,,,,,,,,,,,,,
18:03:40,6:03:39 PM,13329.00,13329,4.0000,13330.0000,6.0000,6.00,6042.0000,6042.0000,5.00,6043.00,102.00,84.0,,,,,,,,,,,,,,,
18:03:39,6:03:39 PM,13329.00,13329,4.0000,13330.0000,6.0000,4.00,6042.0000,6042.0000,5.00,6043.00,102.00,84.0,,,,,,,,,,,,,,,
18:03:39,6:03:38 PM,13329.00,13329,4.0000,13330.0000,6.0000,4.00,6042.0000,6042.0000,5.00,6043.00,100.00,79.0,,,,,,,,,,,,,,,
18:03:37,6:03:37 PM,13329.00,13329,4.0000,13330.0000,6.0000,6.00,6042.0000,6042.0000,5.00,6043.00,99.00,79.0,,,,,,,,,,,,,,,
18:03:36,6:03:36 PM,13327.00,13328,5.0000,13329.0000,20.0000,10.00,6042.0000,6042.0000,5.00,6043.00,91.00,86.0,,,,,,,,,,,,,,,
18:03:35,6:03:35 PM,13327.00,13328,5.0000,13329.0000,20.0000,10.00,6042.0000,6042.0000,5.00,6043.00,91.00,86.0,,,,,,,,,,,,,,,
18:03:34,6:03:34 PM,13327.00,13328,5.0000,13329.0000,20.0000,10.00,6042.0000,6042.0000,5.00,6043.00,91.00,86.0,,,,,,,,,,,,,,,
18:03:33,6:03:33 PM,13327.00,13328,5.0000,13329.0000,18.0000,10.00,6041.0000,6042.0000,4.00,6042.00,111.00,67.0,,,,,,,,,,,,,,,
18:03:32,6:03:32 PM,13327.00,13328,5.0000,13329.0000,14.0000,11.00,6041.0000,6042.0000,4.00,6042.00,111.00,67.0,,,,,,,,,,,,,,,
18:03:31,6:03:31 PM,13327.00,13328,5.0000,13329.0000,14.0000,11.00,6041.0000,6042.0000,4.00,6042.00,110.00,73.0,,,,,,,,,,,,,,,
18:03:30,6:03:30 PM,13327.00,13328,5.0000,13329.0000,14.0000,11.00,6041.0000,6042.0000,3.00,6042.00,110.00,72.0,,,,,,,,,,,,,,,
18:03:29,6:03:29 PM,13327.00,13328,5.0000,13329.0000,14.0000,11.00,6041.0000,6041.0000,5.00,6042.00,110.00,75.0,,,,,,,,,,,,,,,
18:03:28,6:03:28 PM,13328.00,13328,1.0000,13329.0000,14.0000,11.00,6041.0000,6041.0000,5.00,6042.00,112.00,79.0,,,,,,,,,,,,,,,
18:03:27,6:03:27 PM,13328.00,13328,1.0000,13329.0000,14.0000,11.00,6041.0000,6042.0000,12.00,6042.00,112.00,76.0,,,,,,,,,,,,,,,
18:03:26,6:03:25 PM,13328.00,13328,1.0000,13329.0000,14.0000,11.00,6041.0000,6042.0000,5.00,6042.00,112.00,76.0,,,,,,,,,,,,,,,
18:03:25,6:03:25 PM,13328.00,13328,1.0000,13330.0000,14.0000,18.00,6041.0000,6042.0000,2.00,6042.00,113.00,69.0,,,,,,,,,,,,,,,
18:03:24,6:03:24 PM,13328.00,13331,1.0000,13330.0000,17.0000,5.00,6042.0000,6043.0000,29.00,6043.00,96.00,78.0,,,,,,,,,,,,,,,
18:03:23,6:03:23 PM,13328.00,13331,1.0000,13330.0000,17.0000,6.00,6042.0000,6043.0000,28.00,6043.00,95.00,77.0,,,,,,,,,,,,,,,
18:03:23,6:03:22 PM,13329.00,13331,1.0000,13331.0000,19.0000,6.00,6042.0000,6043.0000,28.00,6043.00,112.00,61.0,,,,,,,,,,,,,,,
18:03:21,6:03:21 PM,13329.00,13331,1.0000,13332.0000,19.0000,6.00,6043.0000,6043.0000,21.00,6044.00,60.00,65.0,,,,,,,,,,,,,,,
18:03:20,6:03:20 PM,13328.00,13328,1.0000,13330.0000,17.0000,8.00,6042.0000,6042.0000,11.00,6043.00,98.00,71.0,,,,,,,,,,,,,,,
18:03:19,6:03:18 PM,13328.00,13329,1.0000,13330.0000,18.0000,8.00,6042.0000,6042.0000,9.00,6043.00,91.00,70.0,,,,,,,,,,,,,,,
18:03:18,6:03:18 PM,13328.00,13329,1.0000,13330.0000,18.0000,8.00,6042.0000,6042.0000,9.00,6043.00,91.00,70.0,,,,,,,,,,,,,,,
18:03:18,6:03:17 PM,13328.00,13329,1.0000,13330.0000,18.0000,7.00,6042.0000,6042.0000,9.00,6043.00,93.00,66.0,,,,,,,,,,,,,,,
18:03:16,6:03:16 PM,13328.00,13329,1.0000,13330.0000,18.0000,7.00,6042.0000,6042.0000,8.00,6043.00,88.00,70.0,,,,,,,,,,,,,,,
18:03:15,6:03:15 PM,13328.00,13328,1.0000,13330.0000,18.0000,6.00,6042.0000,6042.0000,1.00,6043.00,94.00,72.0,,,,,,,,,,,,,,,
18:03:15,6:03:14 PM,13328.00,13328,1.0000,13330.0000,18.0000,6.00,6042.0000,6042.0000,1.00,6043.00,94.00,72.0,,,,,,,,,,,,,,,
18:03:13,6:03:13 PM,13328.00,13328,1.0000,13330.0000,18.0000,6.00,6042.0000,6043.0000,1.00,6043.00,92.00,73.0,,,,,,,,,,,,,,,
18:03:12,6:03:12 PM,13328.00,13328,1.0000,13329.0000,18.0000,7.00,6042.0000,6042.0000,9.00,6043.00,91.00,77.0,,,,,,,,,,,,,,,
18:03:11,6:03:11 PM,13328.00,13329,1.0000,13329.0000,19.0000,13.00,6042.0000,6042.0000,7.00,6043.00,95.00,75.0,,,,,,,,,,,,,,,
18:03:10,6:03:10 PM,13330.00,13331,1.0000,13331.0000,27.0000,11.00,6042.0000,6042.0000,3.00,6043.00,119.00,62.0,,,,,,,,,,,,,,,
18:03:09,6:03:09 PM,13330.00,13331,1.0000,13331.0000,28.0000,11.00,6042.0000,6043.0000,10.00,6043.00,125.00,58.0,,,,,,,,,,,,,,,
18:03:08,6:03:08 PM,13331.00,13330,1.0000,13332.0000,11.0000,9.00,6043.0000,6043.0000,5.00,6044.00,70.00,74.0,,,,,,,,,,,,,,,
18:03:07,6:03:07 PM,13330.00,13330,1.0000,13332.0000,30.0000,8.00,6043.0000,6044.0000,2.00,6044.00,64.00,74.0,,,,,,,,,,,,,,,
18:03:06,6:03:06 PM,13330.00,13330,1.0000,13332.0000,30.0000,7.00,6043.0000,6044.0000,2.00,6044.00,65.00,69.0,,,,,,,,,,,,,,,
18:03:05,6:03:05 PM,13331.00,13332,1.0000,13332.0000,13.0000,6.00,6043.0000,6044.0000,8.00,6044.00,71.00,63.0,,,,,,,,,,,,,,,
18:03:05,6:03:04 PM,13332.00,13333,1.0000,13333.0000,17.0000,9.00,6043.0000,6044.0000,2.00,6044.00,73.00,63.0,,,,,,,,,,,,,,,
18:03:03,6:03:03 PM,13332.00,13333,1.0000,13333.0000,17.0000,9.00,6043.0000,6044.0000,2.00,6044.00,73.00,62.0,,,,,,,,,,,,,,,
18:03:02,6:03:02 PM,13332.00,13333,1.0000,13333.0000,17.0000,9.00,6043.0000,6043.0000,1.00,6044.00,74.00,67.0,,,,,,,,,,,,,,,
18:03:01,6:03:01 PM,13332.00,13333,1.0000,13333.0000,17.0000,8.00,6043.0000,6043.0000,1.00,6044.00,72.00,65.0,,,,,,,,,,,,,,,
18:03:00,6:03:00 PM,13332.00,13333,1.0000,13333.0000,17.0000,8.00,6043.0000,6043.0000,1.00,6044.00,70.00,64.0,,,,,,,,,,,,,,,
18:02:59,6:02:59 PM,13332.00,13333,1.0000,13333.0000,17.0000,8.00,6043.0000,6044.0000,3.00,6044.00,69.00,70.0,,,,,,,,,,,,,,,
18:02:58,6:02:58 PM,13332.00,13333,1.0000,13334.0000,17.0000,4.00,6044.0000,6044.0000,21.00,6045.00,62.00,73.0,,,,,,,,,,,,,,,
18:02:57,6:02:57 PM,13332.00,13332,1.0000,13333.0000,19.0000,7.00,6044.0000,6044.0000,22.00,6045.00,61.00,74.0,,,,,,,,,,,,,,,
18:02:56,6:02:56 PM,13334.00,13334,1.0000,13336.0000,15.0000,7.00,6045.0000,6046.0000,42.00,6046.00,72.00,60.0,,,,,,,,,,,,,,,
18:02:56,6:02:55 PM,13334.00,13334,1.0000,13336.0000,18.0000,5.00,6046.0000,6046.0000,39.00,6047.00,58.00,79.0,,,,,,,,,,,,,,,
18:02:54,6:02:54 PM,13334.00,13334,1.0000,13336.0000,16.0000,5.00,6046.0000,6046.0000,39.00,6047.00,55.00,78.0,,,,,,,,,,,,,,,
18:02:54,6:02:53 PM,13334.00,13334,1.0000,13336.0000,19.0000,6.00,6046.0000,6046.0000,20.00,6047.00,53.00,88.0,,,,,,,,,,,,,,,
18:02:52,6:02:52 PM,13334.00,13334,1.0000,13336.0000,19.0000,6.00,6046.0000,6046.0000,20.00,6047.00,53.00,88.0,,,,,,,,,,,,,,,
18:02:51,6:02:51 PM,13334.00,13334,1.0000,13337.0000,19.0000,8.00,6046.0000,6046.0000,20.00,6047.00,52.00,86.0,,,,,,,,,,,,,,,
18:02:50,6:02:50 PM,13334.00,13334,1.0000,13337.0000,19.0000,8.00,6046.0000,6046.0000,20.00,6047.00,52.00,86.0,,,,,,,,,,,,,,,
18:02:49,6:02:49 PM,13337.00,13340,7.0000,13340.0000,4.0000,10.00,6046.0000,6047.0000,25.00,6047.00,79.00,70.0,,,,,,,,,,,,,,,
18:02:48,6:02:48 PM,13339.00,13339,1.0000,13341.0000,30.0000,10.00,6047.0000,6048.0000,12.00,6048.00,94.00,110.0,,,,,,,,,,,,,,,
18:02:48,6:02:47 PM,13339.00,13339,1.0000,13341.0000,30.0000,10.00,6047.0000,6048.0000,12.00,6048.00,94.00,110.0,,,,,,,,,,,,,,,
18:02:46,6:02:46 PM,13339.00,13339,1.0000,13341.0000,30.0000,10.00,6047.0000,6048.0000,12.00,6048.00,94.00,110.0,,,,,,,,,,,,,,,
18:02:46,6:02:45 PM,13339.00,13339,1.0000,13341.0000,30.0000,10.00,6047.0000,6048.0000,12.00,6048.00,94.00,110.0,,,,,,,,,,,,,,,
18:02:44,6:02:44 PM,13339.00,13339,1.0000,13342.0000,30.0000,14.00,6047.0000,6048.0000,12.00,6048.00,94.00,109.0,,,,,,,,,,,,,,,
18:02:44,6:02:42 PM,13339.00,13339,1.0000,13342.0000,30.0000,14.00,6047.0000,6048.0000,12.00,6048.00,94.00,109.0,,,,,,,,,,,,,,,
18:02:42,6:02:42 PM,13339.00,13339,1.0000,13342.0000,30.0000,14.00,6047.0000,6048.0000,12.00,6048.00,94.00,109.0,,,,,,,,,,,,,,,
18:02:41,6:02:41 PM,13339.00,13339,1.0000,13342.0000,30.0000,14.00,6047.0000,6048.0000,12.00,6048.00,94.00,109.0,,,,,,,,,,,,,,,
18:02:40,6:02:39 PM,13339.00,13339,1.0000,13342.0000,30.0000,14.00,6047.0000,6048.0000,12.00,6048.00,94.00,109.0,,,,,,,,,,,,,,,
18:02:39,6:02:39 PM,13339.00,13339,1.0000,13342.0000,30.0000,14.00,6047.0000,6048.0000,12.00,6048.00,94.00,109.0,,,,,,,,,,,,,,,
18:02:39,6:02:38 PM,13339.00,13339,1.0000,13342.0000,30.0000,14.00,6047.0000,6048.0000,12.00,6048.00,94.00,109.0,,,,,,,,,,,,,,,
18:02:37,6:02:37 PM,13339.00,13339,1.0000,13342.0000,30.0000,14.00,6047.0000,6048.0000,12.00,6048.00,93.00,107.0,,,,,,,,,,,,,,,
18:02:36,6:02:36 PM,13339.00,13339,1.0000,13342.0000,30.0000,14.00,6047.0000,6048.0000,12.00,6048.00,93.00,107.0,,,,,,,,,,,,,,,
18:02:35,6:02:35 PM,13340.00,13340,1.0000,13342.0000,32.0000,8.00,6048.0000,6048.0000,1.00,6049.00,73.00,112.0,,,,,,,,,,,,,,,
18:02:35,6:02:34 PM,13340.00,13340,1.0000,13342.0000,32.0000,8.00,6048.0000,6048.0000,1.00,6049.00,73.00,112.0,,,,,,,,,,,,,,,
18:02:33,6:02:33 PM,13340.00,13340,1.0000,13342.0000,32.0000,8.00,6048.0000,6048.0000,1.00,6049.00,73.00,111.0,,,,,,,,,,,,,,,
18:02:33,6:02:32 PM,13340.00,13340,1.0000,13342.0000,32.0000,8.00,6048.0000,6048.0000,1.00,6049.00,73.00,111.0,,,,,,,,,,,,,,,
18:02:31,6:02:31 PM,13340.00,13340,1.0000,13342.0000,32.0000,8.00,6048.0000,6048.0000,1.00,6049.00,73.00,111.0,,,,,,,,,,,,,,,
18:02:30,6:02:30 PM,13340.00,13340,1.0000,13342.0000,32.0000,8.00,6048.0000,6049.0000,2.00,6049.00,75.00,111.0,,,,,,,,,,,,,,,
18:02:30,6:02:28 PM,13340.00,13340,1.0000,13342.0000,32.0000,8.00,6048.0000,6049.0000,2.00,6049.00,75.00,111.0,,,,,,,,,,,,,,,
18:02:28,6:02:27 PM,13340.00,13340,1.0000,13342.0000,32.0000,8.00,6048.0000,6049.0000,2.00,6049.00,74.00,111.0,,,,,,,,,,,,,,,
18:02:27,6:02:27 PM,13340.00,13340,1.0000,13342.0000,32.0000,8.00,6048.0000,6049.0000,2.00,6049.00,74.00,111.0,,,,,,,,,,,,,,,
18:02:26,6:02:25 PM,13340.00,13341,1.0000,13342.0000,33.0000,8.00,6048.0000,6049.0000,2.00,6049.00,74.00,111.0,,,,,,,,,,,,,,,
18:02:25,6:02:25 PM,13340.00,13341,1.0000,13342.0000,33.0000,8.00,6048.0000,6049.0000,2.00,6049.00,74.00,111.0,,,,,,,,,,,,,,,
18:02:24,6:02:23 PM,13340.00,13340,1.0000,13342.0000,33.0000,8.00,6048.0000,6049.0000,2.00,6049.00,74.00,110.0,,,,,,,,,,,,,,,
18:02:23,6:02:23 PM,13340.00,13340,1.0000,13342.0000,33.0000,8.00,6048.0000,6049.0000,2.00,6049.00,74.00,110.0,,,,,,,,,,,,,,,
18:02:23,6:02:21 PM,13340.00,13340,1.0000,13342.0000,33.0000,8.00,6048.0000,6049.0000,2.00,6049.00,73.00,110.0,,,,,,,,,,,,,,,
18:02:21,6:02:21 PM,13340.00,13340,1.0000,13342.0000,33.0000,8.00,6048.0000,6049.0000,2.00,6049.00,73.00,110.0,,,,,,,,,,,,,,,
18:02:20,6:02:19 PM,13340.00,13340,1.0000,13342.0000,33.0000,8.00,6048.0000,6049.0000,2.00,6049.00,74.00,105.0,,,,,,,,,,,,,,,
18:02:19,6:02:19 PM,13340.00,13340,1.0000,13342.0000,33.0000,8.00,6048.0000,6049.0000,2.00,6049.00,74.00,105.0,,,,,,,,,,,,,,,
18:02:19,6:02:17 PM,13340.00,13340,1.0000,13342.0000,33.0000,8.00,6048.0000,6049.0000,2.00,6049.00,74.00,105.0,,,,,,,,,,,,,,,
18:02:17,6:02:17 PM,13340.00,13340,1.0000,13342.0000,33.0000,8.00,6048.0000,6049.0000,2.00,6049.00,74.00,105.0,,,,,,,,,,,,,,,
18:02:16,6:02:16 PM,13340.00,13340,1.0000,13342.0000,33.0000,8.00,6048.0000,6049.0000,1.00,6049.00,74.00,105.0,,,,,,,,,,,,,,,
18:02:16,6:02:14 PM,13340.00,13340,1.0000,13342.0000,33.0000,8.00,6048.0000,6049.0000,1.00,6049.00,74.00,105.0,,,,,,,,,,,,,,,
18:02:14,6:02:14 PM,13340.00,13340,1.0000,13342.0000,33.0000,8.00,6048.0000,6049.0000,1.00,6049.00,74.00,105.0,,,,,,,,,,,,,,,
18:02:13,6:02:12 PM,13340.00,13344,1.0000,13343.0000,32.0000,6.00,6048.0000,6049.0000,23.00,6049.00,78.00,101.0,,,,,,,,,,,,,,,
18:02:12,6:02:12 PM,13340.00,13344,1.0000,13343.0000,32.0000,6.00,6048.0000,6049.0000,23.00,6049.00,78.00,101.0,,,,,,,,,,,,,,,
18:02:11,6:02:11 PM,13340.00,13344,1.0000,13343.0000,32.0000,6.00,6048.0000,6049.0000,23.00,6049.00,79.00,101.0,,,,,,,,,,,,,,,
18:02:10,6:02:10 PM,13340.00,13344,1.0000,13343.0000,32.0000,6.00,6048.0000,6049.0000,23.00,6049.00,80.00,100.0,,,,,,,,,,,,,,,
18:02:09,6:02:09 PM,13341.00,13344,1.0000,13343.0000,36.0000,5.00,6049.0000,6049.0000,22.00,6050.00,57.00,62.0,,,,,,,,,,,,,,,
18:02:09,6:02:08 PM,13341.00,13344,1.0000,13343.0000,36.0000,5.00,6049.0000,6049.0000,22.00,6050.00,61.00,61.0,,,,,,,,,,,,,,,
18:02:07,6:02:07 PM,13341.00,13344,1.0000,13343.0000,36.0000,5.00,6049.0000,6049.0000,22.00,6050.00,61.00,61.0,,,,,,,,,,,,,,,
18:02:06,6:02:06 PM,13341.00,13344,1.0000,13343.0000,33.0000,6.00,6049.0000,6049.0000,22.00,6050.00,57.00,63.0,,,,,,,,,,,,,,,
18:02:05,6:02:05 PM,13342.00,13344,1.0000,13344.0000,36.0000,6.00,6049.0000,6050.0000,123.00,6050.00,70.00,54.0,,,,,,,,,,,,,,,
18:02:04,6:02:04 PM,13342.00,13344,1.0000,13344.0000,36.0000,6.00,6049.0000,6050.0000,123.00,6050.00,70.00,54.0,,,,,,,,,,,,,,,
18:02:03,6:02:03 PM,13342.00,13344,1.0000,13344.0000,36.0000,6.00,6049.0000,6050.0000,122.00,6050.00,70.00,55.0,,,,,,,,,,,,,,,
18:02:02,6:02:02 PM,13342.00,13344,1.0000,13344.0000,36.0000,7.00,6049.0000,6050.0000,122.00,6050.00,71.00,53.0,,,,,,,,,,,,,,,
18:02:01,6:02:01 PM,13342.00,13344,1.0000,13344.0000,36.0000,7.00,6049.0000,6050.0000,118.00,6050.00,66.00,53.0,,,,,,,,,,,,,,,
18:02:00,6:02:00 PM,13343.00,13344,1.0000,13345.0000,6.0000,7.00,6049.0000,6050.0000,118.00,6050.00,71.00,48.0,,,,,,,,,,,,,,,
18:02:00,6:01:59 PM,13343.00,13344,1.0000,13345.0000,6.0000,7.00,6049.0000,6050.0000,118.00,6050.00,71.00,44.0,,,,,,,,,,,,,,,
18:01:58,6:01:58 PM,13343.00,13344,1.0000,13345.0000,6.0000,6.00,6049.0000,6050.0000,118.00,6050.00,71.00,44.0,,,,,,,,,,,,,,,
18:01:57,6:01:57 PM,13343.00,13344,1.0000,13345.0000,5.0000,5.00,6049.0000,6050.0000,118.00,6050.00,71.00,44.0,,,,,,,,,,,,,,,
18:01:56,6:01:56 PM,13342.00,13344,1.0000,13344.0000,35.0000,9.00,6049.0000,6050.0000,80.00,6050.00,65.00,83.0,,,,,,,,,,,,,,,
18:01:56,6:01:55 PM,13342.00,13344,1.0000,13344.0000,35.0000,9.00,6049.0000,6050.0000,80.00,6050.00,65.00,83.0,,,,,,,,,,,,,,,
18:01:54,6:01:54 PM,13342.00,13344,1.0000,13344.0000,35.0000,9.00,6049.0000,6050.0000,80.00,6050.00,65.00,93.0,,,,,,,,,,,,,,,
18:01:53,6:01:53 PM,13342.00,13344,1.0000,13344.0000,34.0000,9.00,6049.0000,6050.0000,80.00,6050.00,65.00,93.0,,,,,,,,,,,,,,,
18:01:52,6:01:52 PM,13342.00,13344,1.0000,13344.0000,34.0000,9.00,6049.0000,6050.0000,80.00,6050.00,61.00,133.0,,,,,,,,,,,,,,,
18:01:51,6:01:50 PM,13342.00,13344,1.0000,13344.0000,34.0000,9.00,6049.0000,6050.0000,76.00,6050.00,60.00,137.0,,,,,,,,,,,,,,,
18:01:50,6:01:50 PM,13342.00,13344,1.0000,13344.0000,34.0000,9.00,6049.0000,6050.0000,75.00,6050.00,63.00,136.0,,,,,,,,,,,,,,,
18:01:49,6:01:49 PM,13343.00,13344,1.0000,13346.0000,8.0000,5.00,6050.0000,6050.0000,57.00,6051.00,62.00,127.0,,,,,,,,,,,,,,,
18:01:48,6:01:48 PM,13343.00,13344,1.0000,13345.0000,8.0000,4.00,6050.0000,6050.0000,57.00,6051.00,62.00,131.0,,,,,,,,,,,,,,,
18:01:47,6:01:47 PM,13342.00,13344,1.0000,13344.0000,34.0000,7.00,6049.0000,6050.0000,41.00,6050.00,62.00,114.0,,,,,,,,,,,,,,,
18:01:46,6:01:46 PM,13342.00,13344,1.0000,13344.0000,34.0000,5.00,6049.0000,6050.0000,41.00,6050.00,59.00,115.0,,,,,,,,,,,,,,,
18:01:46,6:01:44 PM,13342.00,13344,1.0000,13344.0000,34.0000,5.00,6049.0000,6050.0000,41.00,6050.00,59.00,114.0,,,,,,,,,,,,,,,
18:01:44,6:01:44 PM,13342.00,13344,1.0000,13344.0000,34.0000,5.00,6049.0000,6050.0000,41.00,6050.00,59.00,114.0,,,,,,,,,,,,,,,
18:01:43,6:01:42 PM,13342.00,13344,1.0000,13344.0000,34.0000,5.00,6049.0000,6050.0000,41.00,6050.00,59.00,114.0,,,,,,,,,,,,,,,
18:01:42,6:01:42 PM,13342.00,13344,1.0000,13344.0000,33.0000,5.00,6049.0000,6050.0000,41.00,6050.00,59.00,114.0,,,,,,,,,,,,,,,
18:01:41,6:01:41 PM,13342.00,13344,1.0000,13344.0000,33.0000,5.00,6049.0000,6050.0000,41.00,6050.00,59.00,114.0,,,,,,,,,,,,,,,
18:01:40,6:01:40 PM,13342.00,13344,1.0000,13344.0000,33.0000,5.00,6049.0000,6050.0000,41.00,6050.00,58.00,114.0,,,,,,,,,,,,,,,
18:01:40,6:01:39 PM,13342.00,13344,1.0000,13344.0000,34.0000,5.00,6049.0000,6050.0000,41.00,6050.00,61.00,112.0,,,,,,,,,,,,,,,
18:01:38,6:01:38 PM,13344.00,13347,1.0000,13347.0000,6.0000,10.00,6050.0000,6051.0000,40.00,6051.00,82.00,115.0,,,,,,,,,,,,,,,
18:01:38,6:01:37 PM,13344.00,13347,1.0000,13347.0000,6.0000,10.00,6050.0000,6051.0000,40.00,6051.00,82.00,115.0,,,,,,,,,,,,,,,
18:01:36,6:01:36 PM,13344.00,13347,1.0000,13347.0000,6.0000,10.00,6050.0000,6051.0000,40.00,6051.00,84.00,105.0,,,,,,,,,,,,,,,
18:01:35,6:01:35 PM,13344.00,13347,1.0000,13347.0000,6.0000,10.00,6050.0000,6051.0000,40.00,6051.00,89.00,95.0,,,,,,,,,,,,,,,
18:01:34,6:01:34 PM,13344.00,13347,1.0000,13347.0000,6.0000,8.00,6050.0000,6051.0000,40.00,6051.00,89.00,95.0,,,,,,,,,,,,,,,
18:01:34,6:01:33 PM,13344.00,13347,1.0000,13347.0000,6.0000,8.00,6050.0000,6051.0000,40.00,6051.00,89.00,95.0,,,,,,,,,,,,,,,
18:01:32,6:01:32 PM,13344.00,13347,1.0000,13347.0000,7.0000,7.00,6050.0000,6051.0000,40.00,6051.00,99.00,95.0,,,,,,,,,,,,,,,
18:01:31,6:01:31 PM,13344.00,13347,1.0000,13347.0000,7.0000,7.00,6050.0000,6051.0000,40.00,6051.00,103.00,84.0,,,,,,,,,,,,,,,
18:01:31,6:01:29 PM,13344.00,13347,1.0000,13347.0000,7.0000,7.00,6050.0000,6051.0000,39.00,6051.00,103.00,84.0,,,,,,,,,,,,,,,
18:01:29,6:01:29 PM,13344.00,13347,1.0000,13347.0000,7.0000,7.00,6050.0000,6051.0000,39.00,6051.00,103.00,84.0,,,,,,,,,,,,,,,
18:01:28,6:01:27 PM,13344.00,13347,1.0000,13347.0000,7.0000,7.00,6050.0000,6051.0000,39.00,6051.00,103.00,84.0,,,,,,,,,,,,,,,
18:01:27,6:01:27 PM,13344.00,13347,1.0000,13347.0000,7.0000,7.00,6050.0000,6051.0000,39.00,6051.00,103.00,84.0,,,,,,,,,,,,,,,
18:01:26,6:01:25 PM,13343.00,13347,1.0000,13347.0000,11.0000,7.00,6050.0000,6051.0000,39.00,6051.00,103.00,67.0,,,,,,,,,,,,,,,
18:01:25,6:01:25 PM,13343.00,13347,1.0000,13347.0000,11.0000,7.00,6050.0000,6051.0000,39.00,6051.00,103.00,67.0,,,,,,,,,,,,,,,
18:01:25,6:01:24 PM,13343.00,13347,1.0000,13347.0000,11.0000,7.00,6050.0000,6051.0000,39.00,6051.00,103.00,67.0,,,,,,,,,,,,,,,
18:01:23,6:01:23 PM,13343.00,13347,1.0000,13347.0000,11.0000,7.00,6050.0000,6051.0000,36.00,6051.00,99.00,51.0,,,,,,,,,,,,,,,
18:01:22,6:01:22 PM,13343.00,13347,1.0000,13347.0000,11.0000,7.00,6050.0000,6051.0000,35.00,6051.00,98.00,52.0,,,,,,,,,,,,,,,
18:01:21,6:01:21 PM,13343.00,13347,1.0000,13347.0000,11.0000,7.00,6050.0000,6051.0000,35.00,6051.00,98.00,54.0,,,,,,,,,,,,,,,
18:01:20,6:01:19 PM,13343.00,13347,1.0000,13347.0000,11.0000,6.00,6050.0000,6051.0000,35.00,6051.00,98.00,54.0,,,,,,,,,,,,,,,
18:01:19,6:01:19 PM,13343.00,13347,1.0000,13347.0000,11.0000,6.00,6050.0000,6051.0000,35.00,6051.00,98.00,54.0,,,,,,,,,,,,,,,
18:01:19,6:01:17 PM,13343.00,13347,1.0000,13347.0000,11.0000,6.00,6050.0000,6051.0000,35.00,6051.00,98.00,54.0,,,,,,,,,,,,,,,
18:01:17,6:01:17 PM,13343.00,13347,1.0000,13347.0000,11.0000,6.00,6050.0000,6051.0000,35.00,6051.00,98.00,54.0,,,,,,,,,,,,,,,
18:01:16,6:01:15 PM,13343.00,13347,1.0000,13347.0000,11.0000,6.00,6050.0000,6051.0000,32.00,6051.00,100.00,51.0,,,,,,,,,,,,,,,
18:01:15,6:01:15 PM,13343.00,13347,1.0000,13347.0000,11.0000,6.00,6050.0000,6051.0000,32.00,6051.00,100.00,51.0,,,,,,,,,,,,,,,
18:01:14,6:01:13 PM,13343.00,13347,1.0000,13347.0000,11.0000,6.00,6050.0000,6051.0000,32.00,6051.00,100.00,49.0,,,,,,,,,,,,,,,
18:01:13,6:01:13 PM,13343.00,13347,1.0000,13347.0000,11.0000,6.00,6050.0000,6051.0000,32.00,6051.00,100.00,49.0,,,,,,,,,,,,,,,
18:01:12,6:01:12 PM,13343.00,13347,1.0000,13347.0000,11.0000,6.00,6050.0000,6051.0000,32.00,6051.00,100.00,49.0,,,,,,,,,,,,,,,
18:01:11,6:01:11 PM,13343.00,13346,1.0000,13346.0000,11.0000,5.00,6050.0000,6051.0000,32.00,6051.00,100.00,50.0,,,,,,,,,,,,,,,
18:01:10,6:01:10 PM,13346.00,13346,1.0000,13347.0000,5.0000,9.00,6050.0000,6051.0000,13.00,6051.00,106.00,52.0,,,,,,,,,,,,,,,
18:01:09,6:01:09 PM,13346.00,13346,1.0000,13348.0000,5.0000,7.00,6051.0000,6052.0000,36.00,6052.00,115.00,62.0,,,,,,,,,,,,,,,
18:01:08,6:01:07 PM,13346.00,13346,1.0000,13348.0000,5.0000,7.00,6051.0000,6052.0000,36.00,6052.00,115.00,62.0,,,,,,,,,,,,,,,
18:01:07,6:01:07 PM,13346.00,13346,1.0000,13348.0000,5.0000,7.00,6051.0000,6052.0000,36.00,6052.00,117.00,56.0,,,,,,,,,,,,,,,
18:01:06,6:01:06 PM,13346.00,13346,1.0000,13348.0000,5.0000,7.00,6051.0000,6052.0000,36.00,6052.00,117.00,56.0,,,,,,,,,,,,,,,
18:01:05,6:01:05 PM,13346.00,13346,1.0000,13348.0000,5.0000,7.00,6051.0000,6052.0000,36.00,6052.00,117.00,56.0,,,,,,,,,,,,,,,
18:01:04,6:01:04 PM,13346.00,13346,1.0000,13348.0000,5.0000,7.00,6051.0000,6052.0000,36.00,6052.00,115.00,62.0,,,,,,,,,,,,,,,
18:01:04,6:01:03 PM,13346.00,13346,1.0000,13348.0000,5.0000,7.00,6051.0000,6052.0000,36.00,6052.00,114.00,62.0,,,,,,,,,,,,,,,
18:01:02,6:01:02 PM,13346.00,13346,1.0000,13348.0000,5.0000,7.00,6051.0000,6052.0000,36.00,6052.00,134.00,62.0,,,,,,,,,,,,,,,
18:01:01,6:01:01 PM,13346.00,13346,1.0000,13348.0000,5.0000,7.00,6051.0000,6052.0000,35.00,6052.00,134.00,65.0,,,,,,,,,,,,,,,
18:01:00,6:01:00 PM,13346.00,13346,1.0000,13348.0000,5.0000,6.00,6051.0000,6052.0000,35.00,6052.00,136.00,56.0,,,,,,,,,,,,,,,
18:01:00,6:00:59 PM,13346.00,13346,1.0000,13348.0000,5.0000,6.00,6051.0000,6052.0000,35.00,6052.00,136.00,56.0,,,,,,,,,,,,,,,
18:00:58,6:00:58 PM,13346.00,13346,1.0000,13349.0000,5.0000,7.00,6051.0000,6052.0000,35.00,6052.00,136.00,54.0,,,,,,,,,,,,,,,
18:00:57,6:00:57 PM,13346.00,13346,1.0000,13349.0000,5.0000,7.00,6051.0000,6052.0000,35.00,6052.00,134.00,60.0,,,,,,,,,,,,,,,
18:00:56,6:00:56 PM,13346.00,13346,1.0000,13349.0000,5.0000,7.00,6051.0000,6052.0000,35.00,6052.00,134.00,62.0,,,,,,,,,,,,,,,
18:00:55,6:00:55 PM,13346.00,13346,1.0000,13349.0000,5.0000,7.00,6051.0000,6052.0000,35.00,6052.00,136.00,60.0,,,,,,,,,,,,,,,
18:00:54,6:00:54 PM,13346.00,13346,1.0000,13349.0000,5.0000,7.00,6051.0000,6052.0000,35.00,6052.00,136.00,60.0,,,,,,,,,,,,,,,
18:00:53,6:00:53 PM,13346.00,13346,1.0000,13349.0000,5.0000,7.00,6051.0000,6052.0000,35.00,6052.00,134.00,59.0,,,,,,,,,,,,,,,
18:00:53,6:00:52 PM,13346.00,13346,1.0000,13349.0000,5.0000,7.00,6051.0000,6052.0000,35.00,6052.00,136.00,54.0,,,,,,,,,,,,,,,
18:00:51,6:00:50 PM,13346.00,13346,1.0000,13349.0000,5.0000,7.00,6051.0000,6052.0000,35.00,6052.00,133.00,56.0,,,,,,,,,,,,,,,
18:00:50,6:00:50 PM,13346.00,13346,1.0000,13349.0000,5.0000,7.00,6051.0000,6052.0000,35.00,6052.00,133.00,56.0,,,,,,,,,,,,,,,
18:00:49,6:00:49 PM,13346.00,13346,1.0000,13349.0000,5.0000,7.00,6051.0000,6052.0000,35.00,6052.00,133.00,56.0,,,,,,,,,,,,,,,
18:00:48,6:00:47 PM,13346.00,13346,1.0000,13349.0000,5.0000,7.00,6051.0000,6052.0000,35.00,6052.00,133.00,56.0,,,,,,,,,,,,,,,
18:00:47,6:00:47 PM,13346.00,13346,1.0000,13349.0000,5.0000,7.00,6051.0000,6052.0000,35.00,6052.00,133.00,56.0,,,,,,,,,,,,,,,
18:00:46,6:00:46 PM,13346.00,13346,1.0000,13349.0000,5.0000,7.00,6051.0000,6052.0000,35.00,6052.00,143.00,56.0,,,,,,,,,,,,,,,
18:00:45,6:00:45 PM,13346.00,13346,1.0000,13349.0000,5.0000,7.00,6051.0000,6052.0000,35.00,6052.00,143.00,56.0,,,,,,,,,,,,,,,
18:00:44,6:00:44 PM,13346.00,13346,1.0000,13349.0000,5.0000,7.00,6051.0000,6052.0000,35.00,6052.00,145.00,54.0,,,,,,,,,,,,,,,
18:00:44,6:00:43 PM,13346.00,13346,1.0000,13349.0000,5.0000,7.00,6051.0000,6052.0000,35.00,6052.00,145.00,54.0,,,,,,,,,,,,,,,
18:00:42,6:00:42 PM,13346.00,13346,1.0000,13349.0000,5.0000,7.00,6051.0000,6052.0000,35.00,6052.00,145.00,54.0,,,,,,,,,,,,,,,
18:00:41,6:00:41 PM,13346.00,13346,1.0000,13349.0000,5.0000,7.00,6051.0000,6052.0000,35.00,6052.00,145.00,54.0,,,,,,,,,,,,,,,
18:00:40,6:00:40 PM,13346.00,13346,1.0000,13349.0000,5.0000,7.00,6051.0000,6052.0000,35.00,6052.00,133.00,56.0,,,,,,,,,,,,,,,
18:00:39,6:00:39 PM,13346.00,13346,1.0000,13349.0000,5.0000,7.00,6051.0000,6052.0000,35.00,6052.00,136.00,48.0,,,,,,,,,,,,,,,
18:00:38,6:00:38 PM,13346.00,13346,1.0000,13349.0000,5.0000,7.00,6051.0000,6052.0000,34.00,6052.00,136.00,47.0,,,,,,,,,,,,,,,
18:00:37,6:00:37 PM,13346.00,13350,1.0000,13349.0000,5.0000,6.00,6052.0000,6052.0000,23.00,6053.00,116.00,64.0,,,,,,,,,,,,,,,
18:00:36,6:00:36 PM,13346.00,13350,1.0000,13349.0000,5.0000,6.00,6051.0000,6052.0000,11.00,6052.00,125.00,59.0,,,,,,,,,,,,,,,
18:00:36,6:00:35 PM,13346.00,13350,1.0000,13348.0000,5.0000,5.00,6051.0000,6052.0000,11.00,6052.00,114.00,65.0,,,,,,,,,,,,,,,
18:00:34,6:00:34 PM,13346.00,13350,1.0000,13348.0000,5.0000,5.00,6051.0000,6052.0000,11.00,6052.00,114.00,65.0,,,,,,,,,,,,,,,
18:00:33,6:00:32 PM,13346.00,13350,1.0000,13348.0000,5.0000,5.00,6051.0000,6052.0000,11.00,6052.00,114.00,65.0,,,,,,,,,,,,,,,
18:00:32,6:00:32 PM,13346.00,13350,1.0000,13348.0000,5.0000,5.00,6051.0000,6052.0000,11.00,6052.00,114.00,65.0,,,,,,,,,,,,,,,
18:00:31,6:00:30 PM,13346.00,13350,1.0000,13348.0000,5.0000,5.00,6051.0000,6052.0000,11.00,6052.00,114.00,65.0,,,,,,,,,,,,,,,
18:00:30,6:00:30 PM,13347.00,13350,1.0000,13349.0000,7.0000,6.00,6052.0000,6052.0000,10.00,6053.00,89.00,68.0,,,,,,,,,,,,,,,
18:00:29,6:00:29 PM,13347.00,13350,1.0000,13350.0000,10.0000,9.00,6052.0000,6053.0000,13.00,6053.00,98.00,57.0,,,,,,,,,,,,,,,
18:00:28,6:00:28 PM,13347.00,13350,1.0000,13350.0000,10.0000,9.00,6052.0000,6053.0000,13.00,6053.00,97.00,56.0,,,,,,,,,,,,,,,
18:00:27,6:00:27 PM,13347.00,13350,1.0000,13350.0000,10.0000,9.00,6052.0000,6053.0000,13.00,6053.00,97.00,56.0,,,,,,,,,,,,,,,
18:00:26,6:00:26 PM,13347.00,13350,1.0000,13350.0000,10.0000,9.00,6052.0000,6053.0000,13.00,6053.00,99.00,56.0,,,,,,,,,,,,,,,
18:00:25,6:00:25 PM,13347.00,13350,1.0000,13350.0000,10.0000,9.00,6052.0000,6053.0000,13.00,6053.00,99.00,52.0,,,,,,,,,,,,,,,
18:00:25,6:00:24 PM,13347.00,13350,1.0000,13350.0000,10.0000,9.00,6052.0000,6053.0000,13.00,6053.00,99.00,52.0,,,,,,,,,,,,,,,
18:00:23,6:00:23 PM,13347.00,13350,1.0000,13350.0000,10.0000,9.00,6052.0000,6053.0000,13.00,6053.00,96.00,51.0,,,,,,,,,,,,,,,
18:00:22,6:00:22 PM,13347.00,13350,1.0000,13350.0000,10.0000,9.00,6052.0000,6053.0000,13.00,6053.00,96.00,49.0,,,,,,,,,,,,,,,
18:00:21,6:00:21 PM,13347.00,13350,1.0000,13350.0000,10.0000,9.00,6052.0000,6053.0000,13.00,6053.00,93.00,43.0,,,,,,,,,,,,,,,
18:00:20,6:00:20 PM,13347.00,13350,1.0000,13351.0000,10.0000,8.00,6052.0000,6053.0000,11.00,6053.00,89.00,45.0,,,,,,,,,,,,,,,
18:00:19,6:00:19 PM,13347.00,13349,1.0000,13350.0000,10.0000,9.00,6052.0000,6053.0000,10.00,6053.00,89.00,44.0,,,,,,,,,,,,,,,
18:00:18,6:00:18 PM,13350.00,13350,1.0000,13352.0000,6.0000,6.00,6052.0000,6053.0000,1.00,6053.00,90.00,45.0,,,,,,,,,,,,,,,
18:00:17,6:00:17 PM,13348.00,13350,1.0000,13350.0000,8.0000,5.00,6052.0000,6053.0000,1.00,6053.00,90.00,61.0,,,,,,,,,,,,,,,
18:00:17,6:00:16 PM,13348.00,13350,1.0000,13350.0000,8.0000,5.00,6052.0000,6053.0000,1.00,6053.00,90.00,61.0,,,,,,,,,,,,,,,
18:00:13,6:00:12 PM,13347.00,13348,1.0000,13349.0000,9.0000,5.00,6052.0000,6052.0000,9.00,6053.00,75.00,76.0,,,,,,,,,,,,,,,
18:00:12,6:00:11 PM,13347.00,13348,1.0000,13349.0000,9.0000,5.00,6052.0000,6052.0000,9.00,6053.00,75.00,76.0,,,,,,,,,,,,,,,
18:00:11,6:00:10 PM,13347.00,13348,1.0000,13349.0000,9.0000,5.00,6052.0000,6052.0000,9.00,6053.00,71.00,76.0,,,,,,,,,,,,,,,
18:00:10,6:00:10 PM,13347.00,13348,1.0000,13349.0000,9.0000,5.00,6052.0000,6052.0000,9.00,6053.00,71.00,76.0,,,,,,,,,,,,,,,
18:00:09,6:00:08 PM,13347.00,13348,1.0000,13349.0000,9.0000,5.00,6052.0000,6052.0000,9.00,6053.00,71.00,76.0,,,,,,,,,,,,,,,
18:00:08,6:00:08 PM,13347.00,13348,1.0000,13349.0000,9.0000,5.00,6052.0000,6052.0000,9.00,6053.00,71.00,87.0,,,,,,,,,,,,,,,
18:00:08,6:00:07 PM,13347.00,13348,1.0000,13349.0000,9.0000,5.00,6052.0000,6052.0000,9.00,6053.00,71.00,87.0,,,,,,,,,,,,,,,
18:00:06,6:00:06 PM,13347.00,13348,1.0000,13349.0000,9.0000,5.00,6052.0000,6052.0000,9.00,6053.00,71.00,87.0,,,,,,,,,,,,,,,
18:00:06,6:00:05 PM,13347.00,13348,1.0000,13349.0000,9.0000,5.00,6052.0000,6052.0000,9.00,6053.00,71.00,87.0,,,,,,,,,,,,,,,
18:00:04,6:00:04 PM,13347.00,13348,1.0000,13349.0000,9.0000,5.00,6052.0000,6052.0000,9.00,6053.00,71.00,87.0,,,,,,,,,,,,,,,
18:00:03,6:00:03 PM,13347.00,13348,1.0000,13349.0000,9.0000,5.00,6052.0000,6052.0000,9.00,6053.00,71.00,87.0,,,,,,,,,,,,,,,
18:00:02,6:00:02 PM,13347.00,13348,1.0000,13349.0000,9.0000,5.00,6052.0000,6052.0000,9.00,6053.00,73.00,81.0,,,,,,,,,,,,,,,
18:00:01,6:00:01 PM,13347.00,13348,1.0000,13349.0000,9.0000,5.00,6052.0000,6052.0000,9.00,6053.00,73.00,81.0,,,,,,,,,,,,,,,
18:00:00,6:00:00 PM,13347.00,13348,1.0000,13349.0000,9.0000,5.00,6052.0000,6052.0000,9.00,6053.00,72.00,83.0,,,,,,,,,,,,,,,
18:00:00,5:59:59 PM,13347.00,13348,1.0000,13349.0000,9.0000,5.00,6052.0000,6052.0000,9.00,6053.00,75.00,83.0,,,,,,,,,,,,,,,
17:59:58,5:59:58 PM,13347.00,13348,1.0000,13349.0000,9.0000,10.00,6052.0000,6052.0000,9.00,6053.00,75.00,92.0,,,,,,,,,,,,,,,
17:59:57,5:59:57 PM,13347.00,13348,1.0000,13349.0000,9.0000,10.00,6052.0000,6052.0000,9.00,6053.00,75.00,101.0,,,,,,,,,,,,,,,
17:59:56,5:59:56 PM,13347.00,13348,1.0000,13349.0000,9.0000,10.00,6052.0000,6052.0000,9.00,6053.00,75.00,101.0,,,,,,,,,,,,,,,
17:59:55,5:59:55 PM,13347.00,13348,1.0000,13349.0000,6.0000,13.00,6052.0000,6052.0000,9.00,6053.00,59.00,104.0,,,,,,,,,,,,,,,
17:59:54,5:59:54 PM,13347.00,13348,1.0000,13349.0000,6.0000,14.00,6052.0000,6052.0000,9.00,6053.00,58.00,104.0,,,,,,,,,,,,,,,
17:59:53,5:59:53 PM,13346.00,13348,1.0000,13348.0000,5.0000,14.00,6051.0000,6052.0000,5.00,6052.00,83.00,73.0,,,,,,,,,,,,,,,
17:59:52,5:59:52 PM,13346.00,13348,1.0000,13348.0000,5.0000,14.00,6051.0000,6052.0000,5.00,6052.00,83.00,73.0,,,,,,,,,,,,,,,
17:59:51,5:59:51 PM,13346.00,13348,1.0000,13348.0000,5.0000,14.00,6051.0000,6052.0000,5.00,6052.00,72.00,73.0,,,,,,,,,,,,,,,
17:59:51,5:59:50 PM,13346.00,13348,1.0000,13348.0000,5.0000,14.00,6051.0000,6052.0000,5.00,6052.00,72.00,73.0,,,,,,,,,,,,,,,
17:59:49,5:59:49 PM,13346.00,13348,1.0000,13348.0000,5.0000,14.00,6051.0000,6052.0000,5.00,6052.00,72.00,72.0,,,,,,,,,,,,,,,
17:59:48,5:59:48 PM,13346.00,13348,1.0000,13348.0000,5.0000,14.00,6051.0000,6052.0000,5.00,6052.00,71.00,72.0,,,,,,,,,,,,,,,
17:59:47,5:59:47 PM,13346.00,13348,1.0000,13348.0000,5.0000,14.00,6051.0000,6052.0000,5.00,6052.00,61.00,72.0,,,,,,,,,,,,,,,
17:59:46,5:59:46 PM,13346.00,13348,1.0000,13348.0000,5.0000,14.00,6051.0000,6052.0000,5.00,6052.00,61.00,72.0,,,,,,,,,,,,,,,
17:59:45,5:59:45 PM,13346.00,13348,1.0000,13348.0000,5.0000,14.00,6051.0000,6052.0000,5.00,6052.00,61.00,72.0,,,,,,,,,,,,,,,
17:59:44,5:59:44 PM,13346.00,13348,1.0000,13348.0000,5.0000,14.00,6051.0000,6052.0000,5.00,6052.00,61.00,72.0,,,,,,,,,,,,,,,
17:59:44,5:59:42 PM,13346.00,13348,1.0000,13348.0000,5.0000,14.00,6051.0000,6052.0000,5.00,6052.00,61.00,72.0,,,,,,,,,,,,,,,
17:59:42,5:59:42 PM,13346.00,13348,1.0000,13348.0000,5.0000,14.00,6051.0000,6052.0000,5.00,6052.00,61.00,68.0,,,,,,,,,,,,,,,
17:59:41,5:59:41 PM,13346.00,13348,1.0000,13348.0000,5.0000,14.00,6051.0000,6051.0000,3.00,6052.00,60.00,72.0,,,,,,,,,,,,,,,
17:59:41,5:59:40 PM,13346.00,13348,1.0000,13348.0000,5.0000,14.00,6051.0000,6051.0000,3.00,6052.00,60.00,72.0,,,,,,,,,,,,,,,
17:59:39,5:59:39 PM,13347.00,13348,1.0000,13349.0000,5.0000,13.00,6051.0000,6051.0000,3.00,6052.00,61.00,70.0,,,,,,,,,,,,,,,
17:59:39,5:59:37 PM,13347.00,13348,1.0000,13349.0000,5.0000,13.00,6051.0000,6051.0000,3.00,6052.00,61.00,70.0,,,,,,,,,,,,,,,
17:59:37,5:59:37 PM,13347.00,13348,1.0000,13349.0000,5.0000,13.00,6051.0000,6051.0000,3.00,6052.00,61.00,70.0,,,,,,,,,,,,,,,
17:59:36,5:59:36 PM,13347.00,13348,1.0000,13349.0000,5.0000,13.00,6051.0000,6051.0000,2.00,6052.00,62.00,69.0,,,,,,,,,,,,,,,
17:59:36,5:59:34 PM,13347.00,13348,1.0000,13349.0000,5.0000,13.00,6051.0000,6051.0000,1.00,6052.00,63.00,69.0,,,,,,,,,,,,,,,
17:59:34,5:59:34 PM,13347.00,13348,1.0000,13349.0000,5.0000,13.00,6051.0000,6051.0000,1.00,6052.00,63.00,69.0,,,,,,,,,,,,,,,
17:59:33,5:59:32 PM,13347.00,13348,1.0000,13349.0000,5.0000,13.00,6051.0000,6051.0000,1.00,6052.00,63.00,69.0,,,,,,,,,,,,,,,
17:59:32,5:59:32 PM,13347.00,13348,1.0000,13349.0000,5.0000,13.00,6051.0000,6051.0000,1.00,6052.00,63.00,69.0,,,,,,,,,,,,,,,
17:59:31,5:59:31 PM,13347.00,13348,1.0000,13349.0000,5.0000,13.00,6051.0000,6052.0000,19.00,6052.00,64.00,69.0,,,,,,,,,,,,,,,
17:59:30,5:59:30 PM,13347.00,13348,1.0000,13349.0000,5.0000,13.00,6051.0000,6052.0000,19.00,6052.00,64.00,69.0,,,,,,,,,,,,,,,
17:59:30,5:59:29 PM,13347.00,13348,1.0000,13349.0000,5.0000,13.00,6051.0000,6052.0000,19.00,6052.00,64.00,69.0,,,,,,,,,,,,,,,
17:59:28,5:59:28 PM,13347.00,13348,1.0000,13349.0000,5.0000,13.00,6051.0000,6052.0000,19.00,6052.00,63.00,69.0,,,,,,,,,,,,,,,
17:59:28,5:59:27 PM,13347.00,13348,1.0000,13349.0000,5.0000,13.00,6051.0000,6052.0000,19.00,6052.00,63.00,69.0,,,,,,,,,,,,,,,
17:59:26,5:59:26 PM,13347.00,13348,1.0000,13349.0000,5.0000,13.00,6051.0000,6052.0000,19.00,6052.00,63.00,69.0,,,,,,,,,,,,,,,
17:59:26,5:59:25 PM,13347.00,13348,1.0000,13349.0000,5.0000,13.00,6051.0000,6052.0000,19.00,6052.00,63.00,69.0,,,,,,,,,,,,,,,
17:59:24,5:59:24 PM,13347.00,13348,1.0000,13349.0000,7.0000,13.00,6052.0000,6052.0000,17.00,6053.00,49.00,103.0,,,,,,,,,,,,,,,
17:59:23,5:59:23 PM,13347.00,13348,1.0000,13349.0000,7.0000,8.00,6052.0000,6052.0000,17.00,6053.00,50.00,103.0,,,,,,,,,,,,,,,
17:59:23,5:59:22 PM,13347.00,13348,1.0000,13349.0000,7.0000,8.00,6052.0000,6052.0000,17.00,6053.00,50.00,103.0,,,,,,,,,,,,,,,
17:59:21,5:59:21 PM,13347.00,13348,1.0000,13349.0000,5.0000,8.00,6052.0000,6052.0000,17.00,6053.00,50.00,106.0,,,,,,,,,,,,,,,
17:59:20,5:59:20 PM,13347.00,13348,1.0000,13349.0000,5.0000,8.00,6051.0000,6052.0000,10.00,6052.00,60.00,72.0,,,,,,,,,,,,,,,
17:59:20,5:59:19 PM,13347.00,13348,1.0000,13349.0000,5.0000,8.00,6051.0000,6052.0000,10.00,6052.00,60.00,72.0,,,,,,,,,,,,,,,
17:59:18,5:59:18 PM,13347.00,13348,1.0000,13349.0000,5.0000,7.00,6051.0000,6052.0000,10.00,6052.00,60.00,72.0,,,,,,,,,,,,,,,
17:59:18,5:59:17 PM,13347.00,13348,1.0000,13349.0000,5.0000,7.00,6051.0000,6052.0000,10.00,6052.00,60.00,72.0,,,,,,,,,,,,,,,
17:59:16,5:59:16 PM,13347.00,13348,1.0000,13349.0000,5.0000,7.00,6051.0000,6052.0000,10.00,6052.00,60.00,71.0,,,,,,,,,,,,,,,
17:59:15,5:59:15 PM,13347.00,13348,1.0000,13349.0000,5.0000,7.00,6051.0000,6052.0000,10.00,6052.00,60.00,71.0,,,,,,,,,,,,,,,
17:59:14,5:59:14 PM,13347.00,13348,1.0000,13349.0000,5.0000,7.00,6051.0000,6052.0000,10.00,6052.00,59.00,90.0,,,,,,,,,,,,,,,
17:59:13,5:59:13 PM,13347.00,13348,1.0000,13349.0000,10.0000,6.00,6052.0000,6052.0000,8.00,6053.00,48.00,106.0,,,,,,,,,,,,,,,
17:59:13,5:59:12 PM,13347.00,13348,1.0000,13349.0000,10.0000,6.00,6052.0000,6052.0000,8.00,6053.00,47.00,107.0,,,,,,,,,,,,,,,
17:59:11,5:59:11 PM,13346.00,13348,2.0000,13348.0000,14.0000,16.00,6051.0000,6052.0000,1.00,6052.00,51.00,94.0,,,,,,,,,,,,,,,
17:59:10,5:59:10 PM,13346.00,13348,2.0000,13348.0000,14.0000,16.00,6051.0000,6052.0000,1.00,6052.00,51.00,94.0,,,,,,,,,,,,,,,
17:59:09,5:59:08 PM,13346.00,13348,2.0000,13348.0000,14.0000,16.00,6051.0000,6052.0000,1.00,6052.00,51.00,94.0,,,,,,,,,,,,,,,
17:59:08,5:59:08 PM,13346.00,13348,2.0000,13348.0000,14.0000,16.00,6051.0000,6052.0000,1.00,6052.00,51.00,94.0,,,,,,,,,,,,,,,
17:59:08,5:59:07 PM,13346.00,13348,2.0000,13348.0000,14.0000,16.00,6051.0000,6052.0000,1.00,6052.00,51.00,94.0,,,,,,,,,,,,,,,
17:59:06,5:59:06 PM,13346.00,13348,2.0000,13348.0000,14.0000,16.00,6051.0000,6052.0000,1.00,6052.00,51.00,94.0,,,,,,,,,,,,,,,
17:59:06,5:59:04 PM,13346.00,13348,2.0000,13348.0000,14.0000,16.00,6051.0000,6052.0000,1.00,6052.00,51.00,94.0,,,,,,,,,,,,,,,
17:59:04,5:59:04 PM,13346.00,13348,2.0000,13348.0000,14.0000,16.00,6051.0000,6052.0000,1.00,6052.00,51.00,94.0,,,,,,,,,,,,,,,
17:59:04,5:59:02 PM,13346.00,13348,2.0000,13348.0000,14.0000,16.00,6051.0000,6052.0000,1.00,6052.00,51.00,94.0,,,,,,,,,,,,,,,
17:59:02,5:59:02 PM,13346.00,13348,2.0000,13348.0000,14.0000,16.00,6051.0000,6052.0000,1.00,6052.00,51.00,94.0,,,,,,,,,,,,,,,
17:59:01,5:59:00 PM,13346.00,13348,2.0000,13348.0000,14.0000,16.00,6051.0000,6052.0000,1.00,6052.00,51.00,94.0,,,,,,,,,,,,,,,
17:59:00,5:59:00 PM,13346.00,13348,2.0000,13348.0000,14.0000,16.00,6051.0000,6052.0000,1.00,6052.00,51.00,94.0,,,,,,,,,,,,,,,
17:58:59,5:58:59 PM,13346.00,13348,2.0000,13348.0000,14.0000,16.00,6051.0000,6052.0000,1.00,6052.00,47.00,103.0,,,,,,,,,,,,,,,
17:58:58,5:58:58 PM,13346.00,13346,1.0000,13348.0000,14.0000,18.00,6051.0000,6052.0000,1.00,6052.00,47.00,103.0,,,,,,,,,,,,,,,
17:58:58,5:58:57 PM,13346.00,13346,1.0000,13348.0000,14.0000,18.00,6051.0000,6052.0000,1.00,6052.00,47.00,103.0,,,,,,,,,,,,,,,
17:58:56,5:58:55 PM,13346.00,13346,1.0000,13348.0000,14.0000,18.00,6051.0000,6052.0000,1.00,6052.00,47.00,103.0,,,,,,,,,,,,,,,
17:58:55,5:58:55 PM,13346.00,13346,1.0000,13348.0000,14.0000,18.00,6051.0000,6052.0000,1.00,6052.00,47.00,103.0,,,,,,,,,,,,,,,
17:58:55,5:58:54 PM,13346.00,13346,1.0000,13348.0000,14.0000,18.00,6051.0000,6052.0000,1.00,6052.00,47.00,103.0,,,,,,,,,,,,,,,
17:58:53,5:58:53 PM,13346.00,13346,1.0000,13349.0000,14.0000,9.00,6051.0000,6052.0000,1.00,6052.00,47.00,100.0,,,,,,,,,,,,,,,
17:58:53,5:58:51 PM,13346.00,13346,1.0000,13349.0000,14.0000,9.00,6051.0000,6052.0000,1.00,6052.00,47.00,100.0,,,,,,,,,,,,,,,
17:58:51,5:58:51 PM,13346.00,13346,1.0000,13349.0000,14.0000,9.00,6051.0000,6052.0000,1.00,6052.00,47.00,100.0,,,,,,,,,,,,,,,
17:58:50,5:58:50 PM,13346.00,13346,1.0000,13349.0000,14.0000,9.00,6051.0000,6052.0000,1.00,6052.00,46.00,100.0,,,,,,,,,,,,,,,
17:58:50,5:58:49 PM,13346.00,13346,1.0000,13349.0000,14.0000,9.00,6051.0000,6052.0000,1.00,6052.00,46.00,100.0,,,,,,,,,,,,,,,
17:58:48,5:58:48 PM,13346.00,13346,1.0000,13349.0000,14.0000,9.00,6051.0000,6052.0000,1.00,6052.00,46.00,100.0,,,,,,,,,,,,,,,
17:58:47,5:58:46 PM,13346.00,13346,1.0000,13349.0000,14.0000,9.00,6051.0000,6052.0000,1.00,6052.00,49.00,92.0,,,,,,,,,,,,,,,
17:58:46,5:58:46 PM,13346.00,13346,1.0000,13349.0000,14.0000,9.00,6051.0000,6052.0000,1.00,6052.00,49.00,92.0,,,,,,,,,,,,,,,
17:58:46,5:58:45 PM,13346.00,13346,1.0000,13349.0000,14.0000,9.00,6051.0000,6051.0000,8.00,6052.00,49.00,94.0,,,,,,,,,,,,,,,
17:58:44,5:58:44 PM,13346.00,13346,1.0000,13349.0000,14.0000,9.00,6051.0000,6051.0000,8.00,6052.00,49.00,94.0,,,,,,,,,,,,,,,
17:58:44,5:58:43 PM,13346.00,13346,1.0000,13349.0000,14.0000,9.00,6051.0000,6051.0000,8.00,6052.00,49.00,94.0,,,,,,,,,,,,,,,
17:58:42,5:58:42 PM,13346.00,13346,1.0000,13349.0000,14.0000,9.00,6051.0000,6051.0000,2.00,6052.00,52.00,93.0,,,,,,,,,,,,,,,
17:58:41,5:58:41 PM,13346.00,13346,1.0000,13349.0000,14.0000,9.00,6051.0000,6051.0000,2.00,6052.00,52.00,93.0,,,,,,,,,,,,,,,
17:58:40,5:58:40 PM,13346.00,13346,1.0000,13349.0000,14.0000,9.00,6051.0000,6051.0000,2.00,6052.00,49.00,95.0,,,,,,,,,,,,,,,
17:58:39,5:58:39 PM,13346.00,13346,1.0000,13349.0000,14.0000,10.00,6051.0000,6051.0000,2.00,6052.00,49.00,95.0,,,,,,,,,,,,,,,
17:58:39,5:58:37 PM,13346.00,13346,1.0000,13349.0000,14.0000,10.00,6051.0000,6051.0000,2.00,6052.00,48.00,95.0,,,,,,,,,,,,,,,
17:58:37,5:58:37 PM,13346.00,13346,1.0000,13349.0000,14.0000,10.00,6051.0000,6051.0000,2.00,6052.00,48.00,95.0,,,,,,,,,,,,,,,
17:58:36,5:58:36 PM,13346.00,13346,1.0000,13349.0000,14.0000,9.00,6051.0000,6051.0000,1.00,6052.00,46.00,96.0,,,,,,,,,,,,,,,
17:58:35,5:58:35 PM,13346.00,13346,1.0000,13349.0000,14.0000,9.00,6051.0000,6051.0000,1.00,6052.00,46.00,96.0,,,,,,,,,,,,,,,
17:58:35,5:58:34 PM,13347.00,13346,1.0000,13349.0000,9.0000,9.00,6051.0000,6052.0000,1.00,6052.00,47.00,96.0,,,,,,,,,,,,,,,
17:58:33,5:58:33 PM,13347.00,13346,1.0000,13349.0000,9.0000,9.00,6051.0000,6052.0000,1.00,6052.00,46.00,92.0,,,,,,,,,,,,,,,
17:58:32,5:58:32 PM,13347.00,13346,1.0000,13349.0000,9.0000,9.00,6051.0000,6051.0000,22.00,6052.00,50.00,90.0,,,,,,,,,,,,,,,
17:58:31,5:58:31 PM,13346.00,13346,1.0000,13349.0000,14.0000,9.00,6051.0000,6051.0000,22.00,6052.00,46.00,93.0,,,,,,,,,,,,,,,
17:58:30,5:58:30 PM,13346.00,13346,1.0000,13349.0000,14.0000,9.00,6051.0000,6051.0000,22.00,6052.00,46.00,93.0,,,,,,,,,,,,,,,
17:58:30,5:58:29 PM,13346.00,13346,1.0000,13349.0000,14.0000,9.00,6051.0000,6051.0000,22.00,6052.00,46.00,93.0,,,,,,,,,,,,,,,
17:58:28,5:58:27 PM,13346.00,13346,1.0000,13349.0000,14.0000,9.00,6051.0000,6051.0000,22.00,6052.00,46.00,96.0,,,,,,,,,,,,,,,
17:58:27,5:58:27 PM,13346.00,13346,1.0000,13349.0000,14.0000,9.00,6051.0000,6051.0000,22.00,6052.00,46.00,96.0,,,,,,,,,,,,,,,
17:58:26,5:58:26 PM,13346.00,13346,1.0000,13349.0000,14.0000,9.00,6051.0000,6051.0000,22.00,6052.00,46.00,96.0,,,,,,,,,,,,,,,
17:58:25,5:58:25 PM,13346.00,13346,1.0000,13349.0000,14.0000,11.00,6051.0000,6051.0000,22.00,6052.00,45.00,97.0,,,,,,,,,,,,,,,
17:58:25,5:58:24 PM,13346.00,13346,1.0000,13349.0000,14.0000,11.00,6051.0000,6051.0000,22.00,6052.00,45.00,97.0,,,,,,,,,,,,,,,
17:58:23,5:58:23 PM,13346.00,13346,1.0000,13349.0000,14.0000,11.00,6051.0000,6051.0000,22.00,6052.00,45.00,97.0,,,,,,,,,,,,,,,
17:58:22,5:58:22 PM,13346.00,13346,1.0000,13349.0000,14.0000,11.00,6051.0000,6051.0000,22.00,6052.00,45.00,97.0,,,,,,,,,,,,,,,
17:58:21,5:58:21 PM,13346.00,13346,1.0000,13349.0000,14.0000,11.00,6051.0000,6051.0000,22.00,6052.00,45.00,97.0,,,,,,,,,,,,,,,
17:58:20,5:58:20 PM,13346.00,13346,1.0000,13349.0000,14.0000,11.00,6051.0000,6051.0000,22.00,6052.00,45.00,97.0,,,,,,,,,,,,,,,
17:58:19,5:58:18 PM,13346.00,13347,1.0000,13349.0000,6.0000,8.00,6051.0000,6052.0000,8.00,6052.00,64.00,87.0,,,,,,,,,,,,,,,
17:58:18,5:58:18 PM,13346.00,13347,1.0000,13349.0000,6.0000,8.00,6051.0000,6052.0000,8.00,6052.00,64.00,87.0,,,,,,,,,,,,,,,
17:58:17,5:58:17 PM,13346.00,13347,1.0000,13349.0000,6.0000,7.00,6051.0000,6052.0000,8.00,6052.00,70.00,77.0,,,,,,,,,,,,,,,
17:58:16,5:58:15 PM,13346.00,13347,1.0000,13349.0000,6.0000,7.00,6051.0000,6052.0000,8.00,6052.00,70.00,77.0,,,,,,,,,,,,,,,
17:58:15,5:58:15 PM,13346.00,13347,1.0000,13349.0000,6.0000,7.00,6051.0000,6052.0000,8.00,6052.00,80.00,77.0,,,,,,,,,,,,,,,
17:58:15,5:58:14 PM,13346.00,13347,1.0000,13349.0000,6.0000,7.00,6051.0000,6052.0000,8.00,6052.00,80.00,77.0,,,,,,,,,,,,,,,
17:58:13,5:58:13 PM,13346.00,13347,1.0000,13349.0000,6.0000,7.00,6051.0000,6052.0000,8.00,6052.00,89.00,77.0,,,,,,,,,,,,,,,
17:58:13,5:58:12 PM,13346.00,13347,1.0000,13349.0000,6.0000,7.00,6051.0000,6052.0000,8.00,6052.00,89.00,77.0,,,,,,,,,,,,,,,
17:58:11,5:58:11 PM,13347.00,13347,1.0000,13349.0000,6.0000,7.00,6051.0000,6052.0000,8.00,6052.00,91.00,52.0,,,,,,,,,,,,,,,
17:58:10,5:58:09 PM,13347.00,13347,1.0000,13349.0000,6.0000,7.00,6051.0000,6052.0000,8.00,6052.00,91.00,52.0,,,,,,,,,,,,,,,
17:58:09,5:58:09 PM,13346.00,13347,1.0000,13349.0000,6.0000,7.00,6051.0000,6052.0000,3.00,6052.00,90.00,60.0,,,,,,,,,,,,,,,
17:58:08,5:58:08 PM,13346.00,13347,1.0000,13349.0000,5.0000,7.00,6051.0000,6052.0000,3.00,6052.00,90.00,60.0,,,,,,,,,,,,,,,
17:58:07,5:58:07 PM,13346.00,13347,1.0000,13349.0000,5.0000,7.00,6051.0000,6052.0000,3.00,6052.00,89.00,60.0,,,,,,,,,,,,,,,
17:58:06,5:58:05 PM,13346.00,13347,1.0000,13349.0000,5.0000,7.00,6051.0000,6052.0000,3.00,6052.00,89.00,60.0,,,,,,,,,,,,,,,
17:58:05,5:58:05 PM,13346.00,13347,1.0000,13349.0000,5.0000,7.00,6051.0000,6052.0000,3.00,6052.00,90.00,56.0,,,,,,,,,,,,,,,
17:58:05,5:58:03 PM,13346.00,13347,1.0000,13349.0000,6.0000,7.00,6051.0000,6052.0000,3.00,6053.00,90.00,65.0,,,,,,,,,,,,,,,
17:58:03,5:58:03 PM,13346.00,13347,1.0000,13349.0000,6.0000,7.00,6051.0000,6052.0000,3.00,6053.00,90.00,65.0,,,,,,,,,,,,,,,
17:58:02,5:58:02 PM,13347.00,13348,1.0000,13350.0000,11.0000,9.00,6052.0000,6053.0000,2.00,6053.00,74.00,52.0,,,,,,,,,,,,,,,
17:58:01,5:58:01 PM,13347.00,13348,1.0000,13349.0000,9.0000,6.00,6052.0000,6052.0000,9.00,6053.00,60.00,59.0,,,,,,,,,,,,,,,
17:58:00,5:58:00 PM,13347.00,13348,1.0000,13349.0000,5.0000,8.00,6051.0000,6052.0000,1.00,6052.00,82.00,50.0,,,,,,,,,,,,,,,
17:57:59,5:57:58 PM,13346.00,13348,1.0000,13349.0000,4.0000,8.00,6051.0000,6052.0000,1.00,6052.00,80.00,51.0,,,,,,,,,,,,,,,
17:57:58,5:57:58 PM,13346.00,13348,1.0000,13349.0000,4.0000,8.00,6051.0000,6052.0000,1.00,6052.00,80.00,51.0,,,,,,,,,,,,,,,
17:57:58,5:57:57 PM,13346.00,13348,1.0000,13349.0000,4.0000,8.00,6051.0000,6052.0000,1.00,6052.00,80.00,51.0,,,,,,,,,,,,,,,
17:57:56,5:57:56 PM,13346.00,13348,1.0000,13349.0000,4.0000,8.00,6051.0000,6052.0000,1.00,6052.00,80.00,51.0,,,,,,,,,,,,,,,
17:57:56,5:57:55 PM,13346.00,13348,1.0000,13349.0000,4.0000,8.00,6051.0000,6052.0000,1.00,6052.00,80.00,51.0,,,,,,,,,,,,,,,
17:57:54,5:57:54 PM,13346.00,13348,1.0000,13349.0000,4.0000,8.00,6051.0000,6052.0000,1.00,6052.00,79.00,54.0,,,,,,,,,,,,,,,
17:57:53,5:57:53 PM,13347.00,13348,1.0000,13350.0000,10.0000,7.00,6052.0000,6053.0000,3.00,6053.00,66.00,45.0,,,,,,,,,,,,,,,
17:57:52,5:57:52 PM,13347.00,13348,1.0000,13350.0000,10.0000,7.00,6052.0000,6053.0000,3.00,6053.00,66.00,45.0,,,,,,,,,,,,,,,
17:57:51,5:57:51 PM,13347.00,13348,1.0000,13350.0000,10.0000,6.00,6052.0000,6052.0000,2.00,6053.00,64.00,50.0,,,,,,,,,,,,,,,
17:57:50,5:57:50 PM,13346.00,13346,1.0000,13348.0000,4.0000,5.00,6051.0000,6051.0000,1.00,6052.00,72.00,44.0,,,,,,,,,,,,,,,
17:57:49,5:57:49 PM,13346.00,13346,1.0000,13348.0000,4.0000,5.00,6051.0000,6052.0000,1.00,6052.00,75.00,44.0,,,,,,,,,,,,,,,
17:57:49,5:57:48 PM,13346.00,13346,1.0000,13348.0000,4.0000,5.00,6051.0000,6052.0000,1.00,6052.00,75.00,44.0,,,,,,,,,,,,,,,
17:57:47,5:57:47 PM,13346.00,13346,1.0000,13348.0000,4.0000,7.00,6051.0000,6052.0000,1.00,6052.00,69.00,45.0,,,,,,,,,,,,,,,
17:57:46,5:57:45 PM,13346.00,13346,1.0000,13348.0000,4.0000,7.00,6051.0000,6052.0000,1.00,6052.00,70.00,45.0,,,,,,,,,,,,,,,
17:57:45,5:57:45 PM,13346.00,13346,1.0000,13348.0000,4.0000,7.00,6051.0000,6052.0000,1.00,6052.00,70.00,45.0,,,,,,,,,,,,,,,
17:57:44,5:57:43 PM,13346.00,13346,1.0000,13348.0000,4.0000,7.00,6051.0000,6052.0000,1.00,6052.00,61.00,45.0,,,,,,,,,,,,,,,
17:57:43,5:57:43 PM,13346.00,13346,1.0000,13348.0000,4.0000,7.00,6051.0000,6052.0000,1.00,6052.00,61.00,45.0,,,,,,,,,,,,,,,
17:57:43,5:57:42 PM,13346.00,13346,1.0000,13348.0000,4.0000,7.00,6051.0000,6051.0000,28.00,6052.00,61.00,46.0,,,,,,,,,,,,,,,
17:57:41,5:57:41 PM,13346.00,13346,1.0000,13348.0000,4.0000,7.00,6051.0000,6051.0000,28.00,6052.00,61.00,46.0,,,,,,,,,,,,,,,
17:57:41,5:57:40 PM,13346.00,13346,1.0000,13348.0000,4.0000,7.00,6051.0000,6051.0000,28.00,6052.00,61.00,46.0,,,,,,,,,,,,,,,
17:57:39,5:57:39 PM,13346.00,13346,1.0000,13348.0000,4.0000,7.00,6051.0000,6051.0000,28.00,6052.00,57.00,46.0,,,,,,,,,,,,,,,
17:57:38,5:57:38 PM,13345.00,13346,1.0000,13348.0000,11.0000,7.00,6051.0000,6051.0000,28.00,6052.00,57.00,46.0,,,,,,,,,,,,,,,
17:57:38,5:57:37 PM,13345.00,13346,1.0000,13348.0000,11.0000,7.00,6051.0000,6051.0000,28.00,6052.00,57.00,46.0,,,,,,,,,,,,,,,
17:57:36,5:57:36 PM,13345.00,13346,1.0000,13348.0000,11.0000,7.00,6051.0000,6051.0000,28.00,6052.00,57.00,46.0,,,,,,,,,,,,,,,
17:57:35,5:57:35 PM,13345.00,13346,1.0000,13348.0000,11.0000,7.00,6051.0000,6051.0000,28.00,6052.00,57.00,46.0,,,,,,,,,,,,,,,
17:57:35,5:57:34 PM,13345.00,13346,1.0000,13348.0000,11.0000,7.00,6051.0000,6051.0000,28.00,6052.00,57.00,46.0,,,,,,,,,,,,,,,
17:57:33,5:57:33 PM,13345.00,13346,1.0000,13348.0000,11.0000,7.00,6051.0000,6051.0000,28.00,6052.00,57.00,46.0,,,,,,,,,,,,,,,
17:57:33,5:57:32 PM,13345.00,13346,1.0000,13348.0000,11.0000,7.00,6051.0000,6051.0000,28.00,6052.00,57.00,46.0,,,,,,,,,,,,,,,
17:57:31,5:57:31 PM,13345.00,13346,1.0000,13348.0000,11.0000,7.00,6051.0000,6051.0000,28.00,6052.00,57.00,45.0,,,,,,,,,,,,,,,
17:57:30,5:57:30 PM,13343.00,13345,1.0000,13346.0000,9.0000,5.00,6050.0000,6051.0000,21.00,6051.00,87.00,47.0,,,,,,,,,,,,,,,
17:57:30,5:57:29 PM,13343.00,13345,1.0000,13346.0000,9.0000,5.00,6050.0000,6051.0000,21.00,6051.00,87.00,47.0,,,,,,,,,,,,,,,
17:57:28,5:57:28 PM,13343.00,13345,1.0000,13346.0000,9.0000,5.00,6050.0000,6051.0000,21.00,6051.00,87.00,47.0,,,,,,,,,,,,,,,
17:57:28,5:57:27 PM,13343.00,13345,1.0000,13346.0000,9.0000,5.00,6050.0000,6051.0000,21.00,6051.00,87.00,47.0,,,,,,,,,,,,,,,
17:57:26,5:57:25 PM,13343.00,13345,1.0000,13346.0000,9.0000,5.00,6050.0000,6051.0000,21.00,6051.00,86.00,50.0,,,,,,,,,,,,,,,
17:57:25,5:57:25 PM,13343.00,13345,1.0000,13346.0000,9.0000,5.00,6050.0000,6051.0000,21.00,6051.00,86.00,50.0,,,,,,,,,,,,,,,
17:57:25,5:57:23 PM,13343.00,13345,1.0000,13346.0000,9.0000,5.00,6050.0000,6051.0000,21.00,6051.00,86.00,50.0,,,,,,,,,,,,,,,
17:57:23,5:57:23 PM,13343.00,13345,1.0000,13346.0000,9.0000,5.00,6050.0000,6051.0000,21.00,6051.00,86.00,50.0,,,,,,,,,,,,,,,
17:57:23,5:57:22 PM,13343.00,13345,1.0000,13346.0000,9.0000,5.00,6050.0000,6051.0000,21.00,6051.00,86.00,50.0,,,,,,,,,,,,,,,
17:57:21,5:57:21 PM,13343.00,13345,1.0000,13346.0000,7.0000,5.00,6050.0000,6051.0000,21.00,6051.00,85.00,50.0,,,,,,,,,,,,,,,
17:57:20,5:57:20 PM,13343.00,13345,1.0000,13346.0000,7.0000,5.00,6050.0000,6051.0000,20.00,6051.00,85.00,51.0,,,,,,,,,,,,,,,
17:57:19,5:57:19 PM,13343.00,13345,1.0000,13346.0000,7.0000,5.00,6050.0000,6051.0000,20.00,6051.00,85.00,50.0,,,,,,,,,,,,,,,
17:57:18,5:57:18 PM,13343.00,13345,1.0000,13346.0000,7.0000,5.00,6050.0000,6051.0000,19.00,6051.00,85.00,52.0,,,,,,,,,,,,,,,
17:57:17,5:57:17 PM,13343.00,13345,1.0000,13346.0000,8.0000,5.00,6050.0000,6051.0000,19.00,6051.00,89.00,41.0,,,,,,,,,,,,,,,
17:57:16,5:57:16 PM,13343.00,13345,1.0000,13346.0000,8.0000,4.00,6050.0000,6051.0000,19.00,6051.00,88.00,41.0,,,,,,,,,,,,,,,
17:57:16,5:57:14 PM,13343.00,13345,1.0000,13346.0000,8.0000,4.00,6050.0000,6051.0000,19.00,6051.00,88.00,41.0,,,,,,,,,,,,,,,
17:57:14,5:57:14 PM,13343.00,13345,1.0000,13346.0000,8.0000,4.00,6050.0000,6051.0000,19.00,6051.00,88.00,41.0,,,,,,,,,,,,,,,
17:57:13,5:57:13 PM,13343.00,13345,1.0000,13346.0000,8.0000,4.00,6050.0000,6051.0000,19.00,6051.00,88.00,41.0,,,,,,,,,,,,,,,
17:57:13,5:57:12 PM,13343.00,13345,1.0000,13346.0000,8.0000,4.00,6050.0000,6051.0000,19.00,6051.00,88.00,41.0,,,,,,,,,,,,,,,
17:57:11,5:57:11 PM,13343.00,13345,1.0000,13346.0000,8.0000,4.00,6050.0000,6051.0000,19.00,6051.00,88.00,41.0,,,,,,,,,,,,,,,
17:57:11,5:57:10 PM,13343.00,13345,1.0000,13346.0000,8.0000,4.00,6050.0000,6051.0000,19.00,6051.00,86.00,47.0,,,,,,,,,,,,,,,
17:57:09,5:57:09 PM,13343.00,13345,1.0000,13346.0000,8.0000,3.00,6050.0000,6051.0000,19.00,6051.00,87.00,47.0,,,,,,,,,,,,,,,
17:57:08,5:57:08 PM,13345.00,13345,1.0000,13347.0000,8.0000,4.00,6051.0000,6051.0000,9.00,6052.00,52.00,56.0,,,,,,,,,,,,,,,
17:57:07,5:57:07 PM,13345.00,13345,1.0000,13347.0000,8.0000,4.00,6051.0000,6051.0000,9.00,6052.00,50.00,56.0,,,,,,,,,,,,,,,
17:57:06,5:57:06 PM,13345.00,13345,1.0000,13347.0000,8.0000,4.00,6051.0000,6051.0000,9.00,6052.00,50.00,57.0,,,,,,,,,,,,,,,
17:57:06,5:57:04 PM,13343.00,13342,1.0000,13345.0000,12.0000,3.00,6050.0000,6051.0000,7.00,6051.00,90.00,44.0,,,,,,,,,,,,,,,
17:57:04,5:57:04 PM,13343.00,13342,1.0000,13345.0000,12.0000,3.00,6050.0000,6051.0000,7.00,6051.00,90.00,44.0,,,,,,,,,,,,,,,
17:57:03,5:57:03 PM,13343.00,13342,1.0000,13345.0000,12.0000,3.00,6050.0000,6051.0000,7.00,6051.00,90.00,43.0,,,,,,,,,,,,,,,
17:57:03,5:57:02 PM,13343.00,13342,1.0000,13345.0000,12.0000,3.00,6050.0000,6051.0000,7.00,6051.00,90.00,43.0,,,,,,,,,,,,,,,
17:57:01,5:57:01 PM,13343.00,13342,1.0000,13345.0000,12.0000,3.00,6050.0000,6051.0000,7.00,6051.00,90.00,47.0,,,,,,,,,,,,,,,
17:57:00,5:57:00 PM,13343.00,13342,1.0000,13346.0000,12.0000,6.00,6050.0000,6051.0000,6.00,6051.00,90.00,39.0,,,,,,,,,,,,,,,
17:56:59,5:56:59 PM,13343.00,13342,1.0000,13346.0000,12.0000,5.00,6050.0000,6051.0000,6.00,6051.00,90.00,39.0,,,,,,,,,,,,,,,
17:56:58,5:56:58 PM,13343.00,13342,1.0000,13346.0000,12.0000,3.00,6050.0000,6050.0000,25.00,6051.00,78.00,43.0,,,,,,,,,,,,,,,
17:56:58,5:56:57 PM,13343.00,13342,1.0000,13346.0000,12.0000,3.00,6050.0000,6050.0000,25.00,6051.00,78.00,43.0,,,,,,,,,,,,,,,
17:56:56,5:56:56 PM,13343.00,13342,1.0000,13346.0000,12.0000,3.00,6050.0000,6050.0000,25.00,6051.00,78.00,43.0,,,,,,,,,,,,,,,
17:56:55,5:56:55 PM,13343.00,13342,1.0000,13346.0000,12.0000,4.00,6050.0000,6050.0000,25.00,6051.00,68.00,43.0,,,,,,,,,,,,,,,
17:56:55,5:56:54 PM,13343.00,13342,1.0000,13346.0000,12.0000,4.00,6050.0000,6050.0000,25.00,6051.00,68.00,43.0,,,,,,,,,,,,,,,
17:56:53,5:56:53 PM,13343.00,13342,1.0000,13346.0000,12.0000,4.00,6050.0000,6050.0000,25.00,6051.00,66.00,44.0,,,,,,,,,,,,,,,
17:56:53,5:56:52 PM,13343.00,13342,1.0000,13346.0000,12.0000,4.00,6050.0000,6050.0000,25.00,6051.00,66.00,44.0,,,,,,,,,,,,,,,
17:56:51,5:56:51 PM,13343.00,13342,1.0000,13346.0000,12.0000,4.00,6050.0000,6050.0000,25.00,6051.00,66.00,44.0,,,,,,,,,,,,,,,
17:56:51,5:56:50 PM,13343.00,13342,1.0000,13346.0000,7.0000,4.00,6050.0000,6050.0000,25.00,6051.00,66.00,44.0,,,,,,,,,,,,,,,
17:56:49,5:56:49 PM,13341.00,13342,1.0000,13344.0000,38.0000,3.00,6049.0000,6050.0000,21.00,6050.00,68.00,39.0,,,,,,,,,,,,,,,
17:56:48,5:56:48 PM,13341.00,13342,1.0000,13344.0000,38.0000,3.00,6049.0000,6050.0000,21.00,6050.00,67.00,39.0,,,,,,,,,,,,,,,
17:56:47,5:56:46 PM,13341.00,13342,1.0000,13344.0000,38.0000,3.00,6049.0000,6050.0000,21.00,6050.00,67.00,39.0,,,,,,,,,,,,,,,
17:56:46,5:56:46 PM,13341.00,13342,1.0000,13344.0000,38.0000,3.00,6049.0000,6050.0000,21.00,6050.00,67.00,39.0,,,,,,,,,,,,,,,
17:56:45,5:56:45 PM,13343.00,13342,1.0000,13345.0000,5.0000,4.00,6050.0000,6050.0000,19.00,6051.00,41.00,50.0,,,,,,,,,,,,,,,
17:56:44,5:56:44 PM,13341.00,13342,1.0000,13344.0000,39.0000,3.00,6049.0000,6050.0000,14.00,6050.00,68.00,40.0,,,,,,,,,,,,,,,
17:56:43,5:56:43 PM,13341.00,13342,1.0000,13344.0000,38.0000,4.00,6049.0000,6050.0000,14.00,6050.00,67.00,40.0,,,,,,,,,,,,,,,
17:56:43,5:56:42 PM,13341.00,13342,1.0000,13344.0000,38.0000,4.00,6049.0000,6050.0000,14.00,6050.00,67.00,40.0,,,,,,,,,,,,,,,
17:56:41,5:56:41 PM,13341.00,13342,1.0000,13344.0000,38.0000,4.00,6049.0000,6050.0000,14.00,6050.00,67.00,40.0,,,,,,,,,,,,,,,
17:56:40,5:56:40 PM,13341.00,13342,1.0000,13342.0000,38.0000,3.00,6049.0000,6050.0000,14.00,6050.00,64.00,46.0,,,,,,,,,,,,,,,
17:56:39,5:56:39 PM,13341.00,13342,1.0000,13342.0000,38.0000,3.00,6049.0000,6050.0000,10.00,6050.00,51.00,50.0,,,,,,,,,,,,,,,
17:56:38,5:56:38 PM,13341.00,13342,1.0000,13344.0000,38.0000,5.00,6049.0000,6050.0000,10.00,6050.00,51.00,46.0,,,,,,,,,,,,,,,
17:56:37,5:56:36 PM,13341.00,13342,1.0000,13343.0000,38.0000,4.00,6049.0000,6050.0000,10.00,6050.00,51.00,46.0,,,,,,,,,,,,,,,
17:56:36,5:56:36 PM,13341.00,13342,1.0000,13343.0000,38.0000,4.00,6049.0000,6050.0000,10.00,6050.00,51.00,46.0,,,,,,,,,,,,,,,
17:56:35,5:56:35 PM,13341.00,13342,1.0000,13343.0000,38.0000,4.00,6049.0000,6050.0000,10.00,6050.00,51.00,46.0,,,,,,,,,,,,,,,
17:56:34,5:56:34 PM,13341.00,13342,1.0000,13343.0000,38.0000,4.00,6049.0000,6050.0000,10.00,6050.00,51.00,49.0,,,,,,,,,,,,,,,
17:56:33,5:56:33 PM,13341.00,13342,1.0000,13343.0000,38.0000,4.00,6049.0000,6050.0000,10.00,6050.00,52.00,45.0,,,,,,,,,,,,,,,
17:56:33,5:56:32 PM,13341.00,13342,1.0000,13343.0000,38.0000,4.00,6049.0000,6050.0000,10.00,6050.00,52.00,45.0,,,,,,,,,,,,,,,
17:56:31,5:56:31 PM,13341.00,13342,1.0000,13343.0000,38.0000,4.00,6049.0000,6050.0000,10.00,6050.00,52.00,45.0,,,,,,,,,,,,,,,
17:56:30,5:56:30 PM,13341.00,13342,1.0000,13343.0000,39.0000,3.00,6049.0000,6050.0000,10.00,6050.00,55.00,44.0,,,,,,,,,,,,,,,
17:56:29,5:56:29 PM,13341.00,13342,1.0000,13343.0000,39.0000,4.00,6049.0000,6050.0000,10.00,6050.00,55.00,44.0,,,,,,,,,,,,,,,
17:56:28,5:56:28 PM,13341.00,13342,1.0000,13343.0000,39.0000,3.00,6049.0000,6050.0000,10.00,6050.00,56.00,46.0,,,,,,,,,,,,,,,
17:56:28,5:56:27 PM,13341.00,13342,1.0000,13342.0000,39.0000,3.00,6049.0000,6049.0000,4.00,6050.00,47.00,59.0,,,,,,,,,,,,,,,
17:56:26,5:56:26 PM,13341.00,13342,1.0000,13342.0000,39.0000,3.00,6049.0000,6049.0000,4.00,6050.00,47.00,59.0,,,,,,,,,,,,,,,
17:56:25,5:56:25 PM,13341.00,13342,1.0000,13342.0000,39.0000,3.00,6049.0000,6049.0000,4.00,6050.00,47.00,59.0,,,,,,,,,,,,,,,
17:56:24,5:56:24 PM,13341.00,13342,1.0000,13343.0000,39.0000,4.00,6049.0000,6049.0000,4.00,6050.00,47.00,56.0,,,,,,,,,,,,,,,
17:56:23,5:56:23 PM,13341.00,13342,1.0000,13343.0000,39.0000,4.00,6049.0000,6049.0000,4.00,6050.00,48.00,56.0,,,,,,,,,,,,,,,
17:56:23,5:56:22 PM,13341.00,13342,1.0000,13343.0000,39.0000,4.00,6049.0000,6049.0000,4.00,6050.00,48.00,56.0,,,,,,,,,,,,,,,
17:56:21,5:56:21 PM,13341.00,13342,1.0000,13343.0000,39.0000,3.00,6049.0000,6049.0000,1.00,6050.00,51.00,55.0,,,,,,,,,,,,,,,
17:56:20,5:56:20 PM,13341.00,13342,1.0000,13344.0000,39.0000,7.00,6049.0000,6049.0000,1.00,6050.00,51.00,53.0,,,,,,,,,,,,,,,
17:56:19,5:56:19 PM,13341.00,13342,1.0000,13344.0000,39.0000,7.00,6049.0000,6049.0000,1.00,6050.00,51.00,53.0,,,,,,,,,,,,,,,
17:56:19,5:56:18 PM,13341.00,13342,1.0000,13344.0000,39.0000,7.00,6049.0000,6049.0000,1.00,6050.00,52.00,52.0,,,,,,,,,,,,,,,
17:56:17,5:56:17 PM,13341.00,13342,1.0000,13344.0000,39.0000,7.00,6049.0000,6049.0000,1.00,6050.00,52.00,52.0,,,,,,,,,,,,,,,
17:56:16,5:56:16 PM,13342.00,13342,1.0000,13344.0000,39.0000,5.00,6049.0000,6049.0000,9.00,6050.00,51.00,50.0,,,,,,,,,,,,,,,
17:56:15,5:56:14 PM,13341.00,13340,1.0000,13342.0000,33.0000,9.00,6048.0000,6049.0000,5.00,6049.00,66.00,44.0,,,,,,,,,,,,,,,
17:56:14,5:56:14 PM,13340.00,13340,1.0000,13342.0000,32.0000,11.00,6048.0000,6049.0000,5.00,6049.00,63.00,47.0,,,,,,,,,,,,,,,
17:56:13,5:56:13 PM,13340.00,13340,1.0000,13342.0000,32.0000,11.00,6048.0000,6049.0000,1.00,6049.00,63.00,47.0,,,,,,,,,,,,,,,
17:56:12,5:56:12 PM,13340.00,13340,1.0000,13342.0000,32.0000,11.00,6048.0000,6049.0000,1.00,6049.00,62.00,47.0,,,,,,,,,,,,,,,
17:56:11,5:56:11 PM,13340.00,13340,1.0000,13342.0000,32.0000,11.00,6048.0000,6048.0000,9.00,6049.00,60.00,51.0,,,,,,,,,,,,,,,
17:56:10,5:56:10 PM,13340.00,13340,1.0000,13342.0000,32.0000,11.00,6048.0000,6048.0000,9.00,6049.00,60.00,51.0,,,,,,,,,,,,,,,
17:56:10,5:56:09 PM,13340.00,13340,1.0000,13341.0000,32.0000,12.00,6048.0000,6048.0000,9.00,6049.00,56.00,58.0,,,,,,,,,,,,,,,
17:56:08,5:56:08 PM,13340.00,13341,1.0000,13342.0000,35.0000,10.00,6048.0000,6048.0000,2.00,6049.00,57.00,56.0,,,,,,,,,,,,,,,
17:56:08,5:56:07 PM,13341.00,13342,1.0000,13342.0000,34.0000,9.00,6048.0000,6049.0000,13.00,6049.00,69.00,53.0,,,,,,,,,,,,,,,
17:56:06,5:56:06 PM,13341.00,13342,1.0000,13342.0000,34.0000,9.00,6048.0000,6049.0000,13.00,6049.00,69.00,53.0,,,,,,,,,,,,,,,
17:56:05,5:56:05 PM,13341.00,13342,1.0000,13342.0000,34.0000,9.00,6048.0000,6049.0000,13.00,6049.00,69.00,53.0,,,,,,,,,,,,,,,
17:56:04,5:56:04 PM,13341.00,13342,1.0000,13342.0000,34.0000,8.00,6048.0000,6049.0000,13.00,6049.00,71.00,47.0,,,,,,,,,,,,,,,
17:56:03,5:56:03 PM,13341.00,13342,1.0000,13342.0000,34.0000,10.00,6048.0000,6049.0000,13.00,6049.00,70.00,47.0,,,,,,,,,,,,,,,
17:56:03,5:56:02 PM,13341.00,13342,1.0000,13342.0000,34.0000,10.00,6048.0000,6049.0000,11.00,6049.00,70.00,48.0,,,,,,,,,,,,,,,
17:56:01,5:56:01 PM,13340.00,13342,1.0000,13342.0000,35.0000,9.00,6048.0000,6049.0000,10.00,6049.00,68.00,53.0,,,,,,,,,,,,,,,
17:56:00,5:56:00 PM,13340.00,13342,1.0000,13342.0000,35.0000,9.00,6048.0000,6049.0000,10.00,6049.00,65.00,53.0,,,,,,,,,,,,,,,
17:56:00,5:55:59 PM,13340.00,13342,1.0000,13342.0000,35.0000,9.00,6048.0000,6049.0000,10.00,6049.00,65.00,53.0,,,,,,,,,,,,,,,
17:55:58,5:55:58 PM,13340.00,13342,1.0000,13342.0000,35.0000,8.00,6048.0000,6049.0000,10.00,6049.00,67.00,45.0,,,,,,,,,,,,,,,
17:55:57,5:55:57 PM,13340.00,13342,1.0000,13342.0000,35.0000,8.00,6048.0000,6049.0000,10.00,6049.00,67.00,45.0,,,,,,,,,,,,,,,
17:55:56,5:55:56 PM,13340.00,13342,1.0000,13342.0000,35.0000,8.00,6048.0000,6049.0000,9.00,6049.00,66.00,50.0,,,,,,,,,,,,,,,
17:55:55,5:55:55 PM,13342.00,13343,1.0000,13344.0000,40.0000,7.00,6049.0000,6049.0000,1.00,6050.00,53.00,54.0,,,,,,,,,,,,,,,
17:55:54,5:55:54 PM,13342.00,13343,1.0000,13344.0000,40.0000,7.00,6049.0000,6050.0000,14.00,6050.00,59.00,49.0,,,,,,,,,,,,,,,
17:55:53,5:55:53 PM,13341.00,13343,1.0000,13344.0000,41.0000,7.00,6049.0000,6050.0000,14.00,6050.00,58.00,51.0,,,,,,,,,,,,,,,
17:55:52,5:55:52 PM,13342.00,13343,1.0000,13344.0000,38.0000,6.00,6049.0000,6050.0000,14.00,6050.00,61.00,43.0,,,,,,,,,,,,,,,
17:55:51,5:55:51 PM,13340.00,13342,1.0000,13342.0000,40.0000,7.00,6049.0000,6049.0000,12.00,6050.00,46.00,63.0,,,,,,,,,,,,,,,
17:55:50,5:55:50 PM,13340.00,13342,1.0000,13342.0000,40.0000,7.00,6049.0000,6049.0000,12.00,6050.00,46.00,63.0,,,,,,,,,,,,,,,
17:55:50,5:55:49 PM,13340.00,13342,1.0000,13342.0000,42.0000,7.00,6049.0000,6049.0000,12.00,6050.00,46.00,63.0,,,,,,,,,,,,,,,
17:55:48,5:55:48 PM,13340.00,13342,1.0000,13342.0000,42.0000,7.00,6049.0000,6049.0000,12.00,6050.00,46.00,63.0,,,,,,,,,,,,,,,
17:55:48,5:55:47 PM,13340.00,13342,1.0000,13342.0000,42.0000,7.00,6049.0000,6049.0000,12.00,6050.00,46.00,63.0,,,,,,,,,,,,,,,
17:55:46,5:55:45 PM,13340.00,13342,1.0000,13342.0000,42.0000,7.00,6049.0000,6049.0000,12.00,6050.00,46.00,63.0,,,,,,,,,,,,,,,
17:55:45,5:55:45 PM,13340.00,13342,1.0000,13342.0000,42.0000,7.00,6049.0000,6049.0000,12.00,6050.00,46.00,63.0,,,,,,,,,,,,,,,
17:55:44,5:55:44 PM,13340.00,13342,1.0000,13342.0000,42.0000,7.00,6049.0000,6049.0000,12.00,6050.00,46.00,63.0,,,,,,,,,,,,,,,
17:55:43,5:55:43 PM,13340.00,13342,1.0000,13342.0000,42.0000,7.00,6049.0000,6049.0000,12.00,6050.00,46.00,63.0,,,,,,,,,,,,,,,
17:55:43,5:55:42 PM,13340.00,13342,1.0000,13342.0000,42.0000,7.00,6049.0000,6049.0000,12.00,6050.00,46.00,63.0,,,,,,,,,,,,,,,
17:55:41,5:55:40 PM,13340.00,13342,1.0000,13342.0000,41.0000,8.00,6049.0000,6049.0000,12.00,6050.00,46.00,74.0,,,,,,,,,,,,,,,
17:55:40,5:55:40 PM,13340.00,13342,1.0000,13342.0000,41.0000,8.00,6049.0000,6049.0000,12.00,6050.00,46.00,74.0,,,,,,,,,,,,,,,
17:55:39,5:55:39 PM,13340.00,13342,1.0000,13342.0000,41.0000,8.00,6049.0000,6049.0000,12.00,6050.00,46.00,74.0,,,,,,,,,,,,,,,
17:55:38,5:55:38 PM,13340.00,13342,1.0000,13342.0000,41.0000,8.00,6049.0000,6049.0000,12.00,6050.00,41.00,74.0,,,,,,,,,,,,,,,
17:55:38,5:55:37 PM,13340.00,13342,1.0000,13342.0000,37.0000,9.00,6048.0000,6049.0000,12.00,6050.00,70.00,75.0,,,,,,,,,,,,,,,
17:55:36,5:55:36 PM,13340.00,13342,1.0000,13342.0000,37.0000,9.00,6048.0000,6049.0000,12.00,6050.00,70.00,75.0,,,,,,,,,,,,,,,
17:55:35,5:55:35 PM,13340.00,13342,1.0000,13342.0000,41.0000,7.00,6049.0000,6049.0000,12.00,6050.00,41.00,74.0,,,,,,,,,,,,,,,
17:55:35,5:55:34 PM,13340.00,13342,1.0000,13342.0000,41.0000,7.00,6049.0000,6049.0000,12.00,6050.00,41.00,73.0,,,,,,,,,,,,,,,
17:55:33,5:55:33 PM,13340.00,13342,1.0000,13342.0000,41.0000,7.00,6049.0000,6049.0000,12.00,6050.00,41.00,74.0,,,,,,,,,,,,,,,
17:55:33,5:55:32 PM,13340.00,13342,1.0000,13342.0000,41.0000,7.00,6049.0000,6049.0000,12.00,6050.00,41.00,74.0,,,,,,,,,,,,,,,
17:55:31,5:55:31 PM,13340.00,13342,1.0000,13342.0000,41.0000,7.00,6049.0000,6049.0000,12.00,6050.00,41.00,74.0,,,,,,,,,,,,,,,
17:55:30,5:55:30 PM,13340.00,13342,1.0000,13342.0000,41.0000,7.00,6049.0000,6049.0000,12.00,6050.00,43.00,72.0,,,,,,,,,,,,,,,
17:55:30,5:55:28 PM,13340.00,13342,1.0000,13342.0000,41.0000,7.00,6049.0000,6049.0000,12.00,6050.00,43.00,72.0,,,,,,,,,,,,,,,
17:55:28,5:55:28 PM,13340.00,13342,1.0000,13342.0000,41.0000,7.00,6049.0000,6049.0000,12.00,6050.00,43.00,72.0,,,,,,,,,,,,,,,
17:55:27,5:55:27 PM,13340.00,13342,1.0000,13342.0000,37.0000,10.00,6049.0000,6049.0000,12.00,6050.00,40.00,74.0,,,,,,,,,,,,,,,
17:55:26,5:55:26 PM,13340.00,13342,1.0000,13342.0000,37.0000,10.00,6048.0000,6049.0000,6.00,6049.00,71.00,54.0,,,,,,,,,,,,,,,
17:55:25,5:55:25 PM,13340.00,13342,1.0000,13342.0000,37.0000,10.00,6048.0000,6049.0000,6.00,6049.00,71.00,54.0,,,,,,,,,,,,,,,
17:55:24,5:55:24 PM,13340.00,13342,1.0000,13342.0000,37.0000,10.00,6048.0000,6049.0000,6.00,6049.00,71.00,54.0,,,,,,,,,,,,,,,
17:55:23,5:55:23 PM,13340.00,13342,1.0000,13342.0000,37.0000,10.00,6048.0000,6049.0000,6.00,6049.00,71.00,54.0,,,,,,,,,,,,,,,
17:55:23,5:55:21 PM,13340.00,13342,1.0000,13342.0000,36.0000,10.00,6048.0000,6049.0000,6.00,6049.00,71.00,55.0,,,,,,,,,,,,,,,
17:55:21,5:55:21 PM,13340.00,13342,1.0000,13342.0000,36.0000,10.00,6048.0000,6049.0000,6.00,6049.00,71.00,55.0,,,,,,,,,,,,,,,
17:55:21,5:55:19 PM,13340.00,13342,1.0000,13342.0000,36.0000,10.00,6048.0000,6049.0000,6.00,6049.00,71.00,55.0,,,,,,,,,,,,,,,
17:55:19,5:55:19 PM,13340.00,13342,1.0000,13342.0000,36.0000,10.00,6048.0000,6049.0000,6.00,6049.00,71.00,55.0,,,,,,,,,,,,,,,
17:55:18,5:55:18 PM,13340.00,13342,1.0000,13342.0000,36.0000,10.00,6048.0000,6049.0000,6.00,6049.00,71.00,55.0,,,,,,,,,,,,,,,
17:55:17,5:55:17 PM,13340.00,13342,1.0000,13342.0000,36.0000,10.00,6048.0000,6049.0000,5.00,6049.00,69.00,56.0,,,,,,,,,,,,,,,
17:55:16,5:55:16 PM,13339.00,13342,1.0000,13342.0000,40.0000,10.00,6048.0000,6049.0000,5.00,6049.00,70.00,56.0,,,,,,,,,,,,,,,
17:55:15,5:55:15 PM,13339.00,13342,1.0000,13342.0000,38.0000,10.00,6048.0000,6049.0000,5.00,6049.00,72.00,56.0,,,,,,,,,,,,,,,
17:55:14,5:55:13 PM,13340.00,13342,1.0000,13342.0000,37.0000,9.00,6048.0000,6049.0000,4.00,6049.00,70.00,60.0,,,,,,,,,,,,,,,
17:55:13,5:55:13 PM,13340.00,13342,1.0000,13342.0000,37.0000,9.00,6048.0000,6049.0000,4.00,6049.00,70.00,60.0,,,,,,,,,,,,,,,
17:55:13,5:55:12 PM,13340.00,13342,1.0000,13344.0000,42.0000,8.00,6049.0000,6050.0000,16.00,6050.00,50.00,76.0,,,,,,,,,,,,,,,
17:55:11,5:55:11 PM,13340.00,13342,1.0000,13344.0000,42.0000,8.00,6049.0000,6050.0000,16.00,6050.00,50.00,76.0,,,,,,,,,,,,,,,
17:55:10,5:55:10 PM,13340.00,13342,1.0000,13344.0000,42.0000,8.00,6049.0000,6050.0000,16.00,6050.00,50.00,76.0,,,,,,,,,,,,,,,
17:55:09,5:55:09 PM,13340.00,13343,1.0000,13342.0000,42.0000,4.00,6049.0000,6050.0000,16.00,6050.00,49.00,81.0,,,,,,,,,,,,,,,
17:55:08,5:55:08 PM,13341.00,13343,1.0000,13344.0000,9.0000,8.00,6049.0000,6050.0000,16.00,6050.00,53.00,75.0,,,,,,,,,,,,,,,
17:55:08,5:55:07 PM,13342.00,13343,1.0000,13344.0000,10.0000,7.00,6049.0000,6050.0000,16.00,6050.00,58.00,70.0,,,,,,,,,,,,,,,
17:55:06,5:55:06 PM,13342.00,13343,1.0000,13344.0000,10.0000,7.00,6049.0000,6050.0000,16.00,6050.00,62.00,68.0,,,,,,,,,,,,,,,
17:55:05,5:55:05 PM,13342.00,13343,1.0000,13344.0000,10.0000,7.00,6049.0000,6050.0000,16.00,6050.00,62.00,68.0,,,,,,,,,,,,,,,
17:55:04,5:55:04 PM,13342.00,13343,1.0000,13344.0000,10.0000,7.00,6049.0000,6050.0000,16.00,6050.00,66.00,62.0,,,,,,,,,,,,,,,
17:55:03,5:55:03 PM,13342.00,13344,1.0000,13344.0000,11.0000,8.00,6049.0000,6050.0000,16.00,6050.00,63.00,63.0,,,,,,,,,,,,,,,
17:55:02,5:55:02 PM,13342.00,13344,1.0000,13344.0000,11.0000,8.00,6049.0000,6050.0000,14.00,6050.00,60.00,68.0,,,,,,,,,,,,,,,
17:55:01,5:55:01 PM,13342.00,13344,1.0000,13344.0000,11.0000,8.00,6049.0000,6050.0000,14.00,6050.00,64.00,64.0,,,,,,,,,,,,,,,
17:55:01,5:55:00 PM,13342.00,13344,1.0000,13344.0000,11.0000,7.00,6049.0000,6050.0000,14.00,6050.00,64.00,60.0,,,,,,,,,,,,,,,
17:54:59,5:54:59 PM,13343.00,13344,1.0000,13345.0000,9.0000,5.00,6050.0000,6050.0000,13.00,6051.00,41.00,107.0,,,,,,,,,,,,,,,
17:54:58,5:54:58 PM,13341.00,13343,1.0000,13344.0000,12.0000,11.00,6049.0000,6050.0000,2.00,6050.00,52.00,99.0,,,,,,,,,,,,,,,
17:54:58,5:54:56 PM,13342.00,13343,1.0000,13344.0000,11.0000,10.00,6049.0000,6050.0000,2.00,6050.00,66.00,86.0,,,,,,,,,,,,,,,
17:54:56,5:54:56 PM,13342.00,13343,1.0000,13344.0000,13.0000,9.00,6049.0000,6049.0000,8.00,6050.00,62.00,92.0,,,,,,,,,,,,,,,
17:54:55,5:54:55 PM,13340.00,13340,1.0000,13342.0000,39.0000,9.00,6049.0000,6049.0000,8.00,6050.00,51.00,105.0,,,,,,,,,,,,,,,
17:54:54,5:54:54 PM,13340.00,13340,1.0000,13342.0000,39.0000,9.00,6048.0000,6049.0000,28.00,6049.00,65.00,85.0,,,,,,,,,,,,,,,
17:54:53,5:54:53 PM,13340.00,13340,1.0000,13342.0000,39.0000,9.00,6048.0000,6049.0000,28.00,6049.00,65.00,85.0,,,,,,,,,,,,,,,
17:54:52,5:54:51 PM,13340.00,13340,1.0000,13342.0000,39.0000,9.00,6048.0000,6049.0000,28.00,6049.00,65.00,85.0,,,,,,,,,,,,,,,
17:54:51,5:54:51 PM,13340.00,13340,1.0000,13342.0000,39.0000,9.00,6048.0000,6049.0000,28.00,6049.00,65.00,85.0,,,,,,,,,,,,,,,
17:54:51,5:54:50 PM,13340.00,13340,1.0000,13342.0000,7.0000,9.00,6048.0000,6049.0000,28.00,6049.00,65.00,85.0,,,,,,,,,,,,,,,
17:54:49,5:54:49 PM,13340.00,13340,1.0000,13342.0000,7.0000,9.00,6048.0000,6049.0000,26.00,6049.00,65.00,88.0,,,,,,,,,,,,,,,
17:54:49,5:54:48 PM,13340.00,13340,1.0000,13342.0000,7.0000,9.00,6048.0000,6049.0000,26.00,6049.00,65.00,88.0,,,,,,,,,,,,,,,
17:54:47,5:54:47 PM,13340.00,13340,1.0000,13342.0000,7.0000,9.00,6048.0000,6049.0000,26.00,6049.00,65.00,88.0,,,,,,,,,,,,,,,
17:54:46,5:54:46 PM,13340.00,13340,1.0000,13342.0000,7.0000,9.00,6048.0000,6049.0000,25.00,6049.00,65.00,89.0,,,,,,,,,,,,,,,
17:54:45,5:54:44 PM,13340.00,13340,1.0000,13342.0000,7.0000,8.00,6048.0000,6049.0000,25.00,6049.00,65.00,89.0,,,,,,,,,,,,,,,
17:54:44,5:54:44 PM,13340.00,13340,1.0000,13342.0000,7.0000,8.00,6048.0000,6049.0000,25.00,6049.00,65.00,89.0,,,,,,,,,,,,,,,
17:54:43,5:54:43 PM,13340.00,13340,1.0000,13342.0000,6.0000,8.00,6048.0000,6049.0000,23.00,6049.00,64.00,93.0,,,,,,,,,,,,,,,
17:54:43,5:54:42 PM,13340.00,13340,1.0000,13342.0000,6.0000,8.00,6048.0000,6049.0000,23.00,6049.00,64.00,93.0,,,,,,,,,,,,,,,
17:54:41,5:54:41 PM,13340.00,13340,1.0000,13342.0000,7.0000,8.00,6048.0000,6049.0000,23.00,6049.00,64.00,93.0,,,,,,,,,,,,,,,
17:54:40,5:54:40 PM,13340.00,13340,1.0000,13342.0000,6.0000,8.00,6048.0000,6049.0000,23.00,6049.00,65.00,82.0,,,,,,,,,,,,,,,
17:54:40,5:54:38 PM,13340.00,13340,1.0000,13342.0000,5.0000,9.00,6048.0000,6049.0000,21.00,6049.00,64.00,90.0,,,,,,,,,,,,,,,
17:54:38,5:54:38 PM,13340.00,13340,1.0000,13342.0000,5.0000,9.00,6048.0000,6049.0000,21.00,6049.00,64.00,90.0,,,,,,,,,,,,,,,
17:54:37,5:54:37 PM,13340.00,13340,1.0000,13343.0000,5.0000,10.00,6048.0000,6049.0000,20.00,6049.00,65.00,83.0,,,,,,,,,,,,,,,
17:54:36,5:54:36 PM,13340.00,13340,1.0000,13343.0000,5.0000,11.00,6048.0000,6049.0000,20.00,6049.00,65.00,83.0,,,,,,,,,,,,,,,
17:54:36,5:54:35 PM,13340.00,13340,1.0000,13343.0000,5.0000,11.00,6048.0000,6049.0000,20.00,6049.00,65.00,83.0,,,,,,,,,,,,,,,
17:54:34,5:54:34 PM,13340.00,13340,1.0000,13343.0000,5.0000,11.00,6048.0000,6049.0000,20.00,6049.00,65.00,83.0,,,,,,,,,,,,,,,
17:54:33,5:54:33 PM,13340.00,13340,1.0000,13343.0000,5.0000,11.00,6048.0000,6049.0000,20.00,6049.00,65.00,83.0,,,,,,,,,,,,,,,
17:54:33,5:54:32 PM,13340.00,13340,1.0000,13343.0000,5.0000,11.00,6048.0000,6049.0000,18.00,6049.00,64.00,84.0,,,,,,,,,,,,,,,
17:54:31,5:54:30 PM,13340.00,13340,1.0000,13343.0000,5.0000,11.00,6048.0000,6049.0000,18.00,6049.00,64.00,84.0,,,,,,,,,,,,,,,
17:54:30,5:54:30 PM,13340.00,13340,1.0000,13343.0000,5.0000,11.00,6048.0000,6049.0000,18.00,6049.00,64.00,84.0,,,,,,,,,,,,,,,
